2840 4464
453 229 560 283 126
1320 288 1327 293 ,
1388 245 1679 287 TRISTIUM

625 349 900 436 quisquis
946 350 998 417 is
1042 361 1151 428 est,
1199 350 1459 419 memori
1508 370 1818 417 rumorem
1866 371 2008 417 vooe
2054 352 2285 417 referre

712 463 773 519 et
821 453 950 519 fieri
999 453 1197 531 famae
1240 473 1505 539 parsque
1548 453 1894 539 gradusque
1937 445 2151 540 potest.

626 553 698 633 ls,
744 575 977 640 precor,
1024 554 1262 625 auditos
1304 556 1495 641 possit
1543 576 1798 645 narrare
1842 556 2187 642 triumphos
2524 557 2610 620 45

716 656 988 727 Caesaris
1031 669 1092 725 et
1134 657 1301 723 Latio
1347 657 1586 723 reddita
1630 669 1769 723 vota
1814 656 1955 736 lovi,

629 769 834 844 teque,
878 759 1252 836 rebellatrix,
1298 758 1569 838 tandem,
1614 759 1962 837 Germania,
2008 760 2213 845 magni

715 861 901 940 triste,
931 871 1111 947 caput
1153 860 1413 947 pedibus
1441 862 1847 948 wsupposuisse
1890 861 2076 927 ducis,

625 962 780 1029 Haeo
820 963 977 1057 mihi
1023 963 1128 1049 qui
1175 963 1418 1041 reseret,
1456 984 1613 1049 quae
1657 984 1779 1030 non
1827 964 2052 1030 vidisse
2096 963 2332 1042 dolebo,

709 1066 815 1130 ille
858 1086 1030 1135 meae
1073 1066 1280 1135 domui
1328 1067 1613 1151 proli‘nus
1661 1067 1880 1152 hospes
1916 1067 2050 1131 erit.
2520 1069 2606 1131 50

627 1167 692 1233 Ei
738 1168 920 1246 mihil
970 1168 1176 1241 iamne
1219 1168 1438 1235 domus
1481 1169 1758 1254 Scythico
1799 1168 2051 1235 Nasonis
2096 1169 2161 1233 in
2205 1169 2356 1234 orbe
2388 1178 2519 1234 est?

715 1270 1182 1355 iamquesuum
1230 1270 1384 1335 mihi
1431 1270 1533 1336 dal
1576 1291 1691 1357 pro
1735 1273 1864 1336 lare
1907 1272 2105 1356 poena'
2150 1273 2385 1337 locum?

626 1372 705 1437 Di
751 1372 944 1451 facite,
992 1384 1061 1445 ut
1105 1372 1324 1447 ‚Caesar
1366 1394 1489 1439 non
1540 1374 1636 1439 hio
1679 1376 1993 1459 penetrale
2036 1373 2430 1459 domumque,

717 1476 1050 1561 hospitium
1094 1496 1328 1565 poenae
1371 1476 1477 1543 sed
1522 1477 1671 1542 velit
1713 1497 1844 1542 esse
1887 1479 2089 1542 meae!

1462 1855 1604 1921 xnl.

630 2077 772 2142 Ecce
817 2096 1227 2163 supervacuus
1272 2115 1357 2126 —
1400 2077 1549 2163 quid
1594 2078 1764 2143 enim
1809 2077 1922 2145 fuit
1965 2077 2116 2143 utile
2156 2077 2363 2164 gigni?
2409 2115 2502 2125 —-

714 2178 791 2245 ad
838 2199 944 2245 sua
989 2180 1208 2254 natalis
1254 2189 1528 2266 tempora
1575 2190 1782 2247 noster
1825 2180 2010 2247 adest.

630 2281 820 2359 Dure,
867 2281 1015 2367 quid
1059 2282 1135 2350 ad
1179 2283 1435 2348 miseros
1479 2283 1768 2348 veniebas
1812 2284 2038 2349 exsulis
2080 2289 2308 2349 annos?

717 2383 1014 2451 debueras
1059 2384 1182 2452 illis
1227 2385 1588 2471 imposuisse
1626 2384 1904 2474 modum.

567 2668 635 2710 44.
655 2678 817 2721 pars
852 2667 1091 2721 famae,
1127 2665 1311 2720 perche
1349 2667 1400 2711 la
1429 2665 1562 2711 fama.
1598 2666 1640 2711 si
1669 2679 1908 2721 compone
1938 2669 2159 2721 appunto
2189 2667 2238 2712 di
2267 2669 2392 2713 tutte
2419 2667 2469 2713 le
2501 2670 2620 2715 voci

457 2737 554 2782 che
582 2750 789 2781 servono
819 2737 920 2781 alla
949 2736 1206 2785 diffusione
1237 2736 1367 2782 delle
1395 2736 1589 2783 notizie.
1616 2760 1669 2767 -
1696 2737 1956 2792 aradus,
1984 2749 2008 2781 ‹
2036 2737 2207 2792 grado,
2233 2750 2398 2782 mezzo
2419 2739 2469 2782 al
2499 2753 2621 2793 per·

460 2808 630 2853 venire
661 2808 793 2853 della
821 2808 954 2852 fama
982 2821 1010 2853 o
1040 2807 1169 2854 delle
1198 2807 1390 2852 novelle
1419 2819 1444 2849 ›
1472 2807 1569 2852 fino
1600 2807 1664 2852 ad
1692 2807 1884 2853 Ovidio.

569 2881 637 2923 46.
665 2882 721 2924 et
757 2878 974 2923 Latio:
1010 2892 1038 2923 e
1075 2878 1092 2922 i
1128 2877 1229 2922 voti
1269 2878 1432 2923 soiolti
1459 2893 1490 2922 a.
1520 2877 1676 2923 Giove
1703 2878 1880 2924 Latino
1910 2892 1938 2923 o
1968 2878 2261 2933 Capitolino,
2288 2892 2378 2933 per
2405 2879 2422 2923 i
2446 2879 2620 2927 trionfi

459 2950 694 3006 riportati
722 2949 787 2994 da
813 2950 1039 3002 Augusto
1069 2962 1098 2994 o
1128 2949 1193 2994 da.
1221 2948 1433 2998 Tiberio.
1460 2948 1843 3002 guerreggiante
1874 2953 2002 2995 sotto
2031 2949 2047 2994 i
2077 2949 2184 2995 suoi
2213 2949 2439 3005 auspicii.
2467 2950 2521 2995 Si
2551 2953 2625 2996 ri-

458 3020 601 3066 cordi
631 3020 718 3065 ohe
750 3020 905 3065 siamo
933 3020 1067 3065 nella
1094 3019 1378 3074 primavera
1406 3019 1486 3063 del
1516 3022 1595 3064 764
1624 3019 1675 3064 di
1702 3020 1759 3065 R.

569 3094 638 3136 47.
666 3092 1084 3137 rebellatriae:
1112 3088 1293 3145 perche
1324 3103 1482 3135 aveva
1511 3089 1713 3135 disfatte
1742 3091 1789 3138 le
1827 3090 2012 3147 legioni
2041 3091 2090 3136 di
2119 3091 2356 3145 Quintilio
2386 3091 2536 3147 Varo,
2568 3093 2620 3138 la

456 3163 542 3208 eui
571 3167 725 3207 morte
749 3161 946 3206 Tiberio
974 3162 1135 3207 l'anno
1162 3161 1358 3208 innanzi
1386 3175 1545 3205 aveva
1573 3165 1720 3207 avuto
1749 3161 1968 3207 inoari‘eo
1995 3162 2044 3210 di
2073 3161 2351 3207 vendicare.

569 3236 636 3277 52.
664 3245 847 3277 suum
884 3233 1105 3283 locum,
1134 3244 1157 3274 ‹
1177 3231 1210 3275 il
1230 3231 1379 3288 luogo
1400 3245 1429 3276 o
1450 3232 1500 3276 la
1519 3236 1652 3276 terra
1673 3231 1862 3278 d'esilio
1883 3243 1922 3277 ›.
1940 3256 1993 3264 -
2023 3227 2417 3288 larn,‹pat1³ia‚
2434 3246 2558 3279 oasa
2582 3246 2622 3281 t.

569 3305 637 3347 53.
656 3302 1023 3358 penetrale,
1063 3303 1098 3346 il
1136 3302 1286 3355 luogo
1323 3301 1411 3356 piu
1448 3301 1619 3347 intimo
1659 3301 1793 3347 della
1830 3316 1962 3356 oasa,
2000 3302 2124 3348 dove
2162 3302 2204 3348 si
2242 3302 2615 3362 eustoglivanoi

458 3373 653 3418 Penati.

571 3447 638 3488 54.
665 3444 956 3499 hospitia
969 3456 1023 3487 m
1039 3476 1050 3498 ‚
1078 3457 1102 3487 ‹
1132 3443 1337 3496 albergo
1368 3456 1396 3487 o
1428 3442 1682 3488 residenza
1710 3447 2032 3497 temporanea
2061 3455 2100 3486 >.

544 3591 777 3645 Elegia
817 3591 1012 3646 XIII,
1044 3594 1216 3636 contro
1244 3590 1280 3634 il
1309 3589 1483 3644 giorno
1512 3590 1745 3636 natalizio
1776 3591 1856 3636 del
1883 3595 2048 3645 poeta.

599 3666 637 3707 1.
665 3674 1134 3718 supervacuus,
1163 3674 1188 3705 ‹
1210 3661 1459 3715 superfluo
1480 3672 1527 3717 >3
1548 3662 1720 3716 quindi
1741 3662 1783 3707 si
1800 3660 1901 3717 pub
1921 3661 2148 3707 tradurre
2175 3673 2270 3707 oon
2288 3662 2431 3708 l'avv.
2463 3675 2491 3706 ‹
2510 3664 2623 3710 inu·

460 3733 690 3778 tilmente
711 3743 750 3777 ›.
777 3754 831 3763 —-
856 3732 1057 3787 aioni,
1089 3732 1167 3776 ool
1197 3731 1269 3785 G„
1295 3745 1386 3785 per
1413 3732 1565 3776 nasci
1593 3731 1643 3776 di
1672 3732 1785 3777 altri
1814 3732 1955 3777 codd.
1984 3745 2013 3777 e
2041 3719 2172 3777 delle
2200 3735 2300 3777 ant.
2327 3731 2555 3780 edizioni.

598 3804 639 3846 3.
665 3802 989 3856 veniebas,
1027 3815 1118 3856 per
1152 3802 1311 3855 venis,
1346 3815 1565 3846 aeoenna
1603 3803 1650 3846 al
1688 3803 1822 3848 lento
1861 3802 2119 3857 cummium
2155 3801 2280 3847 fatto
2319 3801 2401 3846 dal
2438 3802 2621 3856 giorno

462 3872 701 3916 natalizio
729 3872 973 3915 nell'anno
1003 3870 1340 3916 ultimamente
1370 3876 1634 3916 traseorso.

598 3943 643 3984 4.
673 3942 937 3991 modum,
968 3954 993 3985 ‹
1021 3941 1131 3995 fine,
1159 3941 1365 3986 termine
1393 3952 1434 3986 ›.
1460 3964 1513 3973 —
1541 3941 1713 3997 illis,
1740 3942 1843 3987 soil.
1871 3943 2044 3994 annis.
