2840 4464
401 192 469 244 24
1323 214 1618 255 'rms'rwm

570 314 629 379 Si
680 316 818 382 licet
861 319 1161 405 exemplis
1204 320 1270 384 in
1306 322 1517 406 parvis
1558 321 1892 407 grandibus
1936 324 2044 401 uti,
2459 328 2540 391 25

656 418 802 485 haec
846 419 1025 487 facies
1068 421 1303 500 Troiae,
1351 443 1491 490 cum
1534 435 1873 510 caperetur,
1918 436 2067 492 erat.

568 519 814 608 lamque
857 524 1248 610 quiescebant
1287 547 1462 592 voces
1508 526 1952 613 hominumque
1994 548 2355 615 canumque,

652 625 922 711 lunaque
966 637 1294 694 nocturnos
1339 631 1462 693 alta
1508 629 1754 716 regebat
1796 650 2002 716 equos,

566 724 731 792 Hanc
773 748 882 815 ego
926 731 1259 816 suspiciens
1303 743 1364 798 et
1406 733 1484 798 ad
1532 733 1688 799 hanc
1732 733 2023 820 Capitolia
2068 754 2345 813 cernenS,

651 849 807 914 quae
852 843 1059 898 nostro
1103 833 1326 900 frustra
1373 836 1577 902 iuncta
1625 836 1795 903 suere
1840 837 1974 914 lari,
2454 838 2539 906 30

580 958 606 987 α
653 931 915 999 Numina
961 935 1176 1002 vicinis
1222 937 1561 1003 habitantia
1608 939 1851 1006 sedibus
1881 968 1940 1018 »‚
1988 940 2259 1026 inquam,

659 1062 685 1091 α
730 1036 974 1122 iamque
1017 1040 1206 1105 oculis
1251 1061 1590 1126 numquam
1634 1044 1863 1129 templa
1909 1042 2170 1108 videnda
2215 1044 2385 1121 meiS,

566 1137 751 1223 dique
796 1141 1204 1226 relinquendi,
1240 1163 1390 1228 quos
1436 1144 1584 1210 urbs
1630 1145 1815 1211 habet
1849 1147 1970 1210 alta
2004 1145 2266 1229 Quirini,

647 1251 773 1308 este
816 1245 1054 1309 salutati
1103 1255 1346 1330 tempus
1380 1246 1447 1310 in
1492 1266 1674 1312 omne
1716 1247 1903 1312 mihi!

562 1343 631 1408 Et
674 1364 1045 1432 quamquam
1091 1358 1227 1412 s'ero
1270 1347 1535 1434 clipeum
1580 1358 1716 1435 post
1759 1351 2017 1416 vulnera
2060 1370 2253 1424 sumo,
2450 1352 2532 1417 35

495 1437 505 1445 ’
645 1447 913 1513 attamen
961 1449 1118 1514 hanc
1159 1450 1316 1514 odiis
1360 1461 1690 1517 exonerate
1734 1452 1971 1538 fugam;

560 1550 924 1636 caelestique
967 1553 1120 1628 viro,
1167 1554 1303 1638 quis
1349 1573 1449 1618 me
1493 1554 1800 1641 deceperit
1842 1575 2034 1632 error,

642 1651 840 1731 dicite,
887 1674 1002 1740 pro
1045 1658 1220 1741 culpa
1271 1676 1348 1722 ne
1392 1660 1586 1724 scelus
1632 1678 1763 1724 esse
1807 1669 1997 1745 putet,

559 1763 627 1819 ut
655 1793 741 1802 -—
770 1756 932 1840 quod
962 1778 1068 1822 vos
1102 1758 1282 1835 scitiS‚
1315 1779 1550 1843 poenae
1585 1779 1827 1846 quoque
1855 1760 2075 1826 sentiat
2105 1771 2314 1827 auctor
2347 1799 2428 1808 —

615 1859 878 1942 -placato
921 1861 1149 1944 possim
1196 1881 1320 1926 non
1366 1862 1556 1926 miser
1598 1882 1729 1927 esse
1772 1862 1886 1928 deo
1930 1891 1988 1926 ».
2446 1862 2533 1928 [ιθ

558 1957 676 2023 Hac
717 1980 896 2045 prece
940 1961 1185 2027 adoravi
1234 1983 1487 2048 superos
1530 1984 1658 2050 eg0,
1706 1964 1987 2050 pluribus
2032 1985 2204 2043 uxor,

640 2061 912 2146 singultu
957 2064 1189 2129 medios
1234 2065 1610 2150 impediente
1653 2085 1847 2131 sonos

494 2365 560 2406 27.
588 2364 1034 2418 quiescebant,
1072 2366 1256 2420 perche
1286 2380 1372 2410 era
1401 2366 1436 2409 il
1466 2366 1624 2411 colmo
1653 2366 1787 2411 della
1815 2371 1966 2411 notte.

492 2436 559 2478 28.
587 2435 756 2489 alta,
797 2436 876 2480 nel
907 2449 1070 2481 mezzo
1101 2436 1181 2481 del
1210 2436 1351 2482 eielo.

489 2507 556 2548 29.
584 2506 665 2550 ad
709 2506 884 2560 hanc,
913 2520 936 2550 ‹
966 2507 1013 2551 al
1046 2507 1175 2551 lume
1205 2507 1283 2552 dei
1315 2509 1423 2553 suoi
1452 2509 1593 2562 raggi
1616 2519 1654 2561 ›‚
1670 2509 1884 2554 secondo
1907 2508 1954 2552 la
1977 2509 2329 2563 maggioranza
2348 2509 2428 2555 dei
2449 2523 2532 2555 co·

385 2574 483 2619 diei
513 2579 592 2619 tro.
618 2576 697 2620 cui
728 2576 760 2620 il
791 2577 864 2631 G„
890 2576 939 2621 in
968 2576 1115 2630 luogo
1145 2577 1194 2621 di
1234 2579 1300 2622 ab
1338 2580 1439 2622 hae
1476 2578 1566 2623 che
1594 2578 1639 2623 vi
1672 2578 2020 2624 sostituisoono
2063 2579 2132 2633 gli
2167 2579 2359 2634 editori,
2400 2580 2532 2627 sulla

383 2649 548 2690 scorta
574 2646 704 2691 delle
733 2647 944 2693 edizioni
976 2648 1201 2702 antiche;
1237 2650 1324 2693 cfr.
1343 2649 1464 2694 Met.
1483 2652 1522 2703 4,
1548 2652 1624 2694 99:
1653 2664 1817 2705 quam
1837 2651 2029 2705 procul
2058 2651 2130 2696 ad
2159 2651 2320 2696 lunae
2346 2652 2530 2697 radios

383 2715 687 2771 Babylonia
721 2717 908 2764 Thisbe
934 2720 1081 2764 vidit.

487 2789 555 2832 30.
575 2788 870 2843 frustra,
910 2790 1093 2844 perche
1121 2804 1218 2835 non
1247 2790 1297 2834 la
1324 2796 1625 2845 protessero.
1652 2815 1703 2823 —
1733 2792 1869 2836 lari
1895 2791 2005 2836 vale
2036 2793 2228 2845 domui,
2258 2791 2363 2837 cosi
2391 2791 2532 2838 detta

385 2856 464 2901 da’
494 2858 602 2903 suoi
631 2858 709 2903 dei
738 2861 1017 2914 protettori.

486 2930 553 2972 31.
580 2930 848 2975 numina
890 2945 1107 2976 accenna
1135 2932 1506 2986 propriamente
1537 2932 1638 2977 alla
1667 2932 1825 2977 triade
1855 2932 2152 2987 Capitolina,
2178 2936 2434 2987 composta
2464 2933 2529 2977 da

383 2995 554 3054 Gimre,
581 2999 805 3045 Giunone
841 3015 867 3045 e
894 3001 1132 3047 Minerva.

490 3072 557 3115 32.
584 3073 727 3125 iam,
754 3085 777 3116 ‹
807 3071 893 3126 piu
921 3084 961 3127 ›,
990 3073 1016 3117 ὸ
1046 3087 1287 3119 connesso
1317 3088 1408 3118 con
1445 3087 1752 3129 numquam.

489 3143 556 3186 33.
585 3143 753 3197 alta,
794 3143 976 3197 perche
1006 3144 1210 3189 fondata
1238 3144 1313 3188 sui
1344 3148 1470 3189 sette
1505 3144 1635 3189 colli.
1676 3169 1729 3176 —-
1764 3145 2025 3201 Quirini
2067 3144 2094 3189 ὸ
2123 3145 2157 3189 il
2186 3158 2328 3190 nome
2359 3144 2525 3190 divino

383 3226 477 3257 con
505 3212 586 3257 cui
614 3212 668 3258 fu
695 3214 902 3259 adorato
931 3214 1137 3260 Romolo
1166 3215 1298 3269 dopo
1327 3218 1499 3260 morte.

488 3286 555 3328 35.
583 3285 860 3340 clipeum
902 3299 1102 3340 sumo,
1132 3299 1155 3329 ‹
1184 3286 1360 3332 invoco
1388 3287 1439 3331 la
1465 3290 1634 3332 vostra
1661 3286 1947 3340 protezione
1977 3301 2004 3332 ο
2035 3287 2192 3332 tutela
2219 3298 2258 3331 ›.

488 3357 556 3400 37.
583 3357 854 3401 caelesti
871 3390 883 3411 ,
925 3357 1029 3401 scil.
1055 3357 1310 3412 Auqusto.
1340 3382 1394 3388 —-
1424 3358 1568 3413 quis
1612 3362 1720 3411 ete„
1748 3357 1962 3412 dipende
1992 3357 2056 3402 da
2085 3357 2254 3402 dicite.

485 3429 552 3472 38.
581 3428 801 3483 culpa,
843 3441 867 3473 ‹
897 3428 1105 3482 sbaglim
1134 3442 1302 3475 errore
1331 3442 1370 3473 ›.

486 3500 553 3544 39.
580 3502 650 3543 ut
690 3513 841 3553 regge
872 3500 905 3543 il
932 3501 1136 3555 possim
1155 3500 1235 3545 del
1254 3514 1298 3545 v.
1319 3501 1616 3546 successivo.
1635 3523 1688 3532 —
1717 3500 1921 3555 quod...
1951 3502 2182 3545 auctor
2202 3498 2228 3544 ὸ
2248 3500 2525 3553 un‘espres-

381 3569 519 3615 sione
547 3570 879 3624 parentetica:
918 3584 1010 3625 per
1050 3570 1402 3625 interpretarla
1434 3571 1484 3616 in
1517 3570 1838 3617 eonnessione
1868 3570 1945 3616 col
1973 3574 2105 3616 resto
2135 3570 2216 3615 del
2244 3569 2468 3625 periodo,
2496 3584 2525 3615 o

382 3640 717 3685 converrebbe
746 3645 937 3686 mutare
964 3645 1025 3686 ut
1053 3641 1100 3685 in
1131 3642 1178 3686 si
1206 3654 1234 3686 o
1265 3642 1383 3686 dare
1414 3656 1445 3686 a
1474 3641 1684 3695 quell'ut
1711 3641 1747 3685 il
1773 3640 1945 3685 valore
1975 3640 2024 3684 di
2051 3641 2277 3686 utinam.

489 3711 557 3753 40.
576 3711 841 3764 possim,
885 3711 962 3756 col
991 3711 1161 3757 codice
1190 3711 1436 3765 parisino,
1466 3711 1649 3756 trovasi
1679 3711 1892 3756 alterato
1923 3709 1971 3754 in
1996 3723 2218 3765 poenum
2246 3711 2381 3765 dagli
2410 3710 2524 3756 altri

385 3790 526 3823 mser.
552 3803 604 3810 -
634 3781 768 3834 deo,
809 3781 915 3826 soil.
944 3782 1197 3837 Auausto.

489 3852 556 3893 41.
577 3851 915 3906 pluribus,
957 3853 1062 3899 scil.
1085 3854 1346 3908 precibus.

490 3922 557 3963 42.
583 3922 837 3976 medios,
876 3935 900 3967 ‹
931 3937 961 3966 a
988 3936 1151 3968 mezzo
1181 3934 1220 3969 ›.

2792 454 2798 545 ι

2795 582 2805 661 ..J-
