2840 4464
1287 214 1678 256 PREFAszss

2571 246 2578 251 Α
2597 224 2608 235 ⁴
2629 230 2736 265 *n-L'r-J-g',

408 333 681 409 uterque
731 327 1028 411 congruit
1077 326 1281 394 codex
1331 327 1491 394 nihil
1546 328 1924 414 apponimus
1974 328 2157 412 signi.
2206 298 2553 396 Obserravi

410 451 624 510 autem
660 436 831 528 quod
870 444 1041 511 soleo
1077 452 1155 511 ut
1193 445 1274 512 de
1308 467 1450 512 meo
1487 446 1647 512 nihil
1681 445 2019 524 adicerem,
2062 451 2264 531 utque
2306 469 2385 512 ne
2419 424 2561 514 -illa
2645 424 2734 529 ¹les

403 562 665 645 quidem
700 561 1025 628 interdum
1062 564 1450 642 omitterem,
1489 584 1656 646 quae
1705 563 2007 630 mendosa
2055 584 2188 630 esse
2230 565 2545 648 liquebat,

410 676 525 746 Die
559 698 677 745 xm
704 680 863 748 sulii
900 683 1117 746 1493.
1154 683 1232 746 In
1262 682 1472 748 Pauli.
1504 683 1928 748 Adiutoribus
1954 676 2224 749 Nicolao
2252 683 2555 751 Baldeua

400 806 470 865 et
497 800 781 866 Roberto
809 801 1090 867 Minutio
1120 800 1760 886 familiaribuS.=Ang.
1795 801 2156 868 Politianus
2179 830 2242 868 ».
2277 804 2353 867 In
2379 809 2552 879 testa
2605 854 2608 859 «

398 940 444 984 a
476 926 702 1003 questo
736 918 1088 1004 esemplare
1124 920 1479 987 Bodleiano
1515 920 1954 989 dell’edizione
1992 942 2345 1004 parmense,
2402 938 2552 1005 pos-
2671 954 2674 955 ⁷
2705 948 2724 959 ²
2812 968 2833 987 -.

401 1038 631 1104 seduta
655 1039 735 1104 ed
761 1039 1103 1105 emendata
1129 1038 1241 1105 dal
1269 1039 1616 1117 PolizianO,
1646 1040 1700 1106 si
1717 1039 1950 1124 leggez·
1973 1039 2183 1107 «liber
2199 1047 2550 1107 conventus
2665 1066 2668 1067 ⁷

398 1178 448 1222 s.
489 1159 685 1222 marci
722 1157 804 1223 de
838 1156 1011 1224 flor.⁸
1054 1157 1292 1225 ordinis
1327 1159 1550 1242 praed.
1589 1158 1849 1224 habitus
1900 1180 1943 1224 a
1983 1158 2259 1245 syndicis
2310 1160 2416 1226 die
2459 1161 2548 1226 19
2609 1156 2628 1199 3

400 1275 442 1341 J
445 1253 697 1340 anuarii
742 1276 927 1341 1497
971 1298 1088 1360 pro
1116 1278 1630 1362 compensatione
1656 1277 1992 1354 librorum,
2023 1278 2134 1360 qui
2160 1279 2549 1347 commodati

394 1394 484 1460 ab
516 1394 738 1460 eodem
773 1403 1088 1461 conventu
1128 1397 1205 1461 D.
1245 1397 1490 1479 Angelo
1545 1395 1866 1462 Politiano
1918 1403 1986 1462 et
2034 1398 2100 1462 in
2153 1397 2286 1463 eins
2337 1403 2547 1464 morte
2621 1378 2648 1391 ⁹

396 1514 609 1579 amissi
661 1519 831 1581 sunt.
892 1518 967 1581 In
1021 1517 1276 1583 bancho
1333 1518 1419 1581 27
1483 1508 1676 1582 oct.¹³⁸
1701 1544 1769 1578 ».
2725 1486 2840 1599 ξ

497 1632 780 1700 Sarebbe
835 1633 1002 1700 forse
1055 1634 1216 1700 utile
1268 1634 1577 1719 indagare
1628 1636 1697 1699 in
1749 1636 1866 1701 che
1915 1635 2228 1702 relazione
2279 1634 2549 1703 stessero

399 1757 505 1818 tra
554 1752 620 1817 di
672 1753 813 1819 loro
865 1754 914 1818 il
966 1754 1184 1820 codice
1235 1754 1538 1819 smarrito
1573 1753 1706 1819 alla
1738 1759 1946 1819 morte
1982 1754 2086 1820 del
2129 1754 2472 1833 Poliziano,
2510 1777 2548 1822 e
2659 1780 2662 1783 >
2717 1824 2784 1851 w

399 1870 683 1955 supplito
719 1871 888 1938 colla
922 1894 1041 1938 sua
1080 1872 1363 1938 edizione
1397 1892 1737 1956 parmense
1772 1872 1876 1939 nel
1922 1872 2137 1948 1497,
2176 1894 2211 1938 e
2243 1871 2294 1938 il
2326 1875 2549 1943 codice

400 1990 810 2058 laurenziano
847 1993 1087 2058 donato
1125 1992 1230 2058 nel
1278 1993 1467 2059 1499
1507 1992 1618 2058 dal
1653 1994 1967 2078 Vespucci
2013 1993 2145 2059 alla
2197 1992 2549 2091 biblioteca
2599 2000 2602 2001 ’
2659 2042 2674 2051 ⁷.
2725 1980 2784 2109 {i

395 2108 463 2173 di
521 2110 586 2177 S.
644 2111 889 2177 Marco.
945 2112 1070 2176 Per
1107 2117 1292 2195 parte
1329 2117 1550 2177 nostra
1583 2111 2031 2196 aggiungiamo
2066 2111 2201 2178 solo
2234 2112 2368 2190 che,
2420 2134 2548 2198 pur
2579 2144 2588 2147 f
2697 2166 2808 2191 ,ἱ

394 2230 670 2297 tenendo
685 2238 876 2298 conto
896 2230 961 2296 di
977 2228 1252 2315 qualche
1278 2232 1612 2316 pregevole
1639 2230 2084 2298 emendazione
2102 2230 2208 2298 del
2228 2231 2540 2313 Binsfeld,

389 2348 820 2416 dell'Ehwald
875 2372 910 2416 e
959 2349 1062 2416 del
1100 2351 1300 2433 Vogel
1333 2352 1459 2439 (1),
1496 2352 1555 2417 ci
1591 2352 1791 2417 siamo
1840 2351 2109 2417 studiati
2143 2350 2190 2416 il
2226 2352 2338 2435 pin
2372 2351 2544 2419 delle
2623 2391 2626 2392 ν
2743 2341 2798 2452 J

391 2468 561 2534 volte
590 2470 655 2534 di
684 2470 1075 2536 mantenerci
1103 2467 1294 2536 fedeli
1333 2471 1397 2535 al
1432 2471 1693 2536 criterio
1727 2491 2010 2554 espresso
2049 2469 2160 2536 dal
2189 2470 2537 2550 PolizianO,

386 2608 425 2652 e
453 2588 515 2652 di
572 2583 946 2672 ripro‘durre
998 2589 1104 2654 nel
1139 2590 1329 2656 modo
1366 2590 1477 2673 pin
1514 2591 1809 2674 genuinO,
1849 2611 1884 2655 e
1910 2588 1996 2655 fin
2028 2590 2186 2655 dove
2210 2590 2267 2655 ci
2294 2591 2329 2655 ὸ
2365 2596 2538 2657 stato

388 2708 707 2791 possibile,
763 2705 830 2772 la
880 2708 1244 2774 recensione
1285 2709 1726 2775 antichissima
1762 2708 1866 2776 del
1902 2714 2067 2774 testo
2104 2709 2536 2776 laurenziano.
2651 2767 2656 2770 ,
2713 2693 2832 2804 ΞΤἘξ

386 2825 708 2892 Abbiamo
744 2826 911 2892 fatto
952 2826 1227 2909 qualche
1266 2829 1588 2893 eccezione
1624 2829 1804 2912 quasi
1837 2827 2119 2894 soltanto
2147 2849 2262 2912 per
2285 2826 2333 2894 il
2363 2828 2535 2894 Gro-

385 2945 571 3011 novio
598 2944 678 3011 ed
702 2946 753 3011 il
771 2945 1063 3031 Bentley,
1088 2947 1147 3012 le
1173 2947 1279 3012 cui
1304 2947 1737 3013 emendazioni
1765 2947 2193 3032 congetturali
2220 2948 2423 3013 anche
2448 2949 2535 3014 ad

388 3061 614 3130 Ovidio
640 3069 1022 3149 presentano
1052 3065 1264 3131 talora
1291 3065 1339 3131 il
1365 3071 1687 3131 carattere
1711 3088 1836 3132 non
1857 3064 1992 3132 solo
2009 3065 2075 3131 di
2095 3052 2377 3150 perfetta
2400 3068 2538 3133 evi-

383 3182 588 3247 denza
622 3204 729 3248 ma
764 3171 830 3249 di
869 3205 1017 3250 vera
1054 3184 1384 3269 genialita,
1427 3184 1676 3268 qualita
1729 3190 1950 3268 queste
2002 3185 2070 3251 di
2123 3185 2226 3251 cui
2279 3161 2534 3253 sembra

381 3301 568 3384 quasi
595 3300 698 3367 del
734 3306 908 3367 tutto
946 3301 1286 3369 destituita
1319 3324 1357 3369 0
1392 3304 1744 3371 dimentica
1771 3304 1838 3371 la
1864 3307 2089 3373 critica
2114 3308 2227 3393 pin
2250 3311 2527 3373 recente.

448 3552 522 3620 (1)
556 3554 835 3622 Bmsrnnn,
859 3553 1218 3623 Quaestionem
1246 3555 1585 3610 Ovidiame:
1612 3557 1678 3612 de
1708 3558 1975 3613 Tristium
2001 3560 2171 3615 libris.
2195 3561 2351 3615 Bonn
2376 3558 2527 3626 1853,

381 3638 529 3693 ΚὸῙη
565 3636 713 3723 1855,
766 3640 921 3695 Bonn
970 3638 1119 3693 1860.
1168 3670 1234 3678 -
1278 3641 1543 3709 Ermum,
1587 3642 1684 3697 Ad
1726 3644 1853 3698 hist.
1901 3660 2067 3699 carm.
2114 3644 2207 3699 Ov.
2255 3645 2529 3699 recensio·

376 3741 607 3792 nemque
639 3725 927 3795 symbolae,
966 3726 1149 3781 Gotha
1186 3724 1319 3777 1889
1355 3743 1385 3781 e
1424 3726 1572 3783 1892.
1599 3758 1666 3766 —
1700 3729 1904 3797 Vocnn,
1938 3729 2218 3783 Kritische
2251 3729 2373 3782 und
2399 3745 2528 3782 exe-

372 3809 609 3878 9etische
655 3810 1069 3879 Bemerlcwnqen
1112 3828 1181 3866 zu
1235 3812 1404 3867 Ovids
1459 3814 1711 3869 Tristien.
1769 3814 2099 3869 Festschrift
2143 3831 2211 3867 zu
2265 3813 2524 3878 Gymnas.
2635 3811 2638 3814 ’
2737 3865 2746 3872 „
2781 3815 2786 3854 ἶ

376 3894 745 3963 Schneeberg‚
784 3893 934 3949 1891.
