2840 4464
382 207 485 262 162
1299 225 1595 266 ‘rms‘rmm

1423 528 1492 593 X.

555 732 664 798 Ille
706 753 816 820 ego
860 733 966 819 qui
1011 733 1234 799 fuerim
1284 745 1637 800 tenerorum
1680 735 1849 801 lusor
1892 755 2172 803 amorum

639 854 823 920 quem
866 836 1036 921 legiS,
1082 845 1150 902 ut
1193 836 1381 912 noriS,
1428 837 1649 922 accipe,
1694 837 2035 922 posteritas,

555 936 766 1003 Sulmo
812 937 963 1002 mihi
1011 937 1208 1022 patria
1253 946 1361 1013 est,
1407 938 1622 1024 gelidis
1666 939 2015 1005 uberrimus
2060 939 2261 1017 undiS,

637 1039 809 1106 milia
853 1040 958 1126 qui
1005 1040 1216 1105 novies
1259 1040 1442 1105 distat
1486 1042 1563 1106 ab
1606 1041 1761 1108 urhe
1805 1041 2033 1107 decem.

551 1141 765 1207 Edi'tus
812 1141 910 1207 hic
953 1162 1064 1229 ego
1109 1162 1265 1220 sum,
1312 1163 1426 1208 nec
1469 1163 1593 1208 non
1640 1153 1707 1210 ut
1754 1154 2028 1230 tempora
2073 1145 2260 1220 noriS,
2496 1147 2536 1211 5

636 1264 774 1310 cum
819 1243 1031 1309 cecidit
1075 1244 1198 1309 sato
1242 1246 1453 1311 consul
1500 1256 1759 1331 uterque
1801 1246 1969 1332 pari:

551 1347 601 1411 si
647 1346 795 1432 quid
840 1347 902 1412 id
947 1357 1054 1425 est,
1100 1368 1294 1433 usque
1339 1370 1373 1413 a
1417 1349 1664 1434 proavis
1708 1359 1883 1416 vetus
1927 1349 2161 1436 ordinis
2207 1350 2411 1429 hereS,

635 1469 758 1514 non
804 1449 985 1514 modo
1031 1450 1311 1516 fortunae
1353 1470 1615 1516 munere
1659 1450 1847 1517 factus
1891 1472 2095 1537 equeS.

552 1549 668 1616 Nec
712 1552 896 1638 stirps
940 1551 1142 1638 prima
1186 1552 1302 1618 fui:
1348 1553 1553 1640 genito
1597 1573 1734 1620 sum
1779 1553 1965 1619 fratre
2009 1564 2262 1631 creatuS,

637 1654 740 1739 qui
787 1654 983 1720 trihus
1027 1664 1168 1725 ante
1213 1665 1430 1740 quater
1474 1656 1790 1722 mensibus
1833 1667 2002 1722 ortus
2046 1665 2193 1721 erat.
2452 1658 2535 1721 10

550 1756 790 1822 Lucifer
832 1758 1156 1824 amborum
1201 1758 1506 1824 natalibus
1551 1759 1746 1824 adfuit
1788 1758 1980 1824 idem:

632 1880 755 1925 una
798 1859 1099 1925 celebrata
1144 1870 1234 1925 est
1277 1881 1392 1946 per
1436 1860 1557 1926 duo
1603 1861 1726 1926 liba
1772 1861 1918 1927 dies,

547 1962 701 2028 Haec
744 1972 835 2027 est
877 1961 1201 2028 armiferae
1245 1962 1413 2028 festis
1459 1963 1535 2029 de
1580 1964 1852 2049 quinque
1896 1963 2225 2040 Minervae,

632 2084 789 2148 quae
834 2063 968 2129 fieri
1013 2078 1217 2150 pugna
1262 2065 1465 2150 prima
1509 2074 1759 2130 cruenta
1804 2067 1973 2131 solet.

549 2165 837 2232 Protinus
880 2166 1214 2232 excolimur
1257 2168 1476 2246 teneri,
1516 2181 1782 2254 curaque
1823 2167 2097 2254 parentis
2447 2170 2528 2235 15

632 2269 792 2335 imus
836 2269 912 2334 ad
957 2271 1227 2356 insignes
1270 2271 1442 2336 urhis
1486 2271 1563 2336 ab
1607 2281 1737 2336 arte
1781 2271 1963 2336 viros,

454 2518 686 2572 Elegia
712 2519 796 2573 X,
825 2519 959 2564 nella
988 2519 1135 2572 quale
1166 2519 1341 2565 Ovidio
1369 2533 1518 2565 narra
1548 2519 1597 2563 ai
1623 2519 1810 2573 posteri
1839 2519 1889 2564 la
1919 2533 2010 2565 sua
2036 2518 2153 2564 vita.

509 2591 547 2633 1.
575 2588 753 2634 Oostr.:
783 2590 972 2645 accipe,
995 2591 1301 2645 posteritas,
1328 2591 1420 2645 qm·
1441 2591 1643 2644 fuerim
1671 2603 1773 2645 eqo,
1798 2590 1891 2635 ille
1920 2590 2069 2635 lusor
2096 2593 2188 2634 etc.

507 2662 548 2705 2.
573 2663 644 2704 ut
684 2661 893 2715 noris,
919 2674 943 2705 ‹
970 2674 1062 2715 per
1089 2661 1336 2715 impurare
1367 2676 1397 2705 a
1426 2661 1712 2707 conoscerlo
1741 2672 1781 2705 ›.

504 2732 545 2775 3.
572 2730 816 2781 Sulmo,
862 2732 942 2776 nel
970 2745 1123 2785 paese
1154 2731 1234 2776 dei
1262 2731 1467 2785 Peligni.

503 2803 544 2845 5.
571 2802 688 2855 hic,
727 2802 804 2846 col
835 2802 907 2856 G„
932 2801 985 2847 P.
1015 2816 1041 2847 e
1070 2801 1142 2857 V„
1169 2815 1262 2855 per
1289 2803 1410 2846 hinc
1441 2801 1573 2855 degli
1604 2802 1718 2846 altri
1747 2800 1889 2848 codd.
1917 2825 1964 2835 -
1992 2814 2102 2846 nec
2129 2814 2251 2847 non
2278 2803 2392 2848 vale
2423 2808 2488 2849 et.

506 2875 547 2917 6.
575 2885 713 2917 cum
749 2872 1005 2918 cecidit:
1037 2876 1166 2918 sotto
1194 2873 1230 2917 il
1259 2873 1514 2917 consolato
1552 2872 1726 2917 d’Irzio
1751 2886 1778 2917 e
1797 2872 1974 2926 Pansa,
1996 2872 2085 2917 che
2106 2871 2319 2918 caddero
2341 2887 2523 2927 presso

370 2942 585 2989 Modena
611 2944 747 2988 nella
786 2957 969 2997 guerra
1009 2947 1179 2988 contro
1220 2943 1462 2997 Antonio,
1496 2942 1768 2988 dichiarato
1806 2942 1890 2988 dal
1927 2942 2108 2988 Senato
2148 2943 2339 2989 nemico
2383 2944 2523 2991 della

368 3013 551 3069 patria,
578 3027 624 3057 a.
652 3016 731 3058 711
762 3013 813 3058 di
841 3013 898 3058 R.

502 3086 542 3127 7.
569 3083 627 3127 si
667 3084 846 3139 quid:
884 3096 909 3127 ‹
938 3082 1207 3138 cavaliere,
1235 3095 1287 3127 se
1325 3096 1422 3136 pur
1454 3080 1530 3127 cio
1567 3083 1632 3127 ha
1662 3082 1871 3137 qualche
1899 3082 2086 3137 valore,
2120 3096 2212 3136 per
2241 3083 2405 3129 antico
2439 3098 2522 3129 re-

366 3153 539 3206 taggio
569 3153 646 3199 de‘
663 3154 838 3208 proavi
867 3154 997 3208 miei,
1023 3167 1121 3198 non
1149 3153 1232 3207 gia
1259 3166 1351 3207 per
1379 3153 1507 3198 dono
1538 3152 1670 3198 della
1688 3152 1886 3199 fortuna
1914 3163 1955 3208 ›,
1980 3154 2064 3208 pel
2094 3153 2200 3199 solo
2229 3153 2403 3199 merito
2432 3154 2517 3199 del

367 3235 531 3268 censo.
558 3247 611 3255 —
649 3225 929 3277 ordinis,
956 3224 1060 3268 soil.
1090 3224 1363 3279 equestris,

500 3295 540 3339 9.
565 3295 805 3348 genito,
842 3307 866 3338 ‹
897 3294 1026 3348 dopo
1056 3295 1107 3339 la
1134 3294 1327 3339 nascita
1355 3305 1394 3339 ›.

476 3366 541 3408 10.
570 3367 800 3419 quater
842 3366 1079 3418 tribue,
1116 3365 1223 3410 cioe
1253 3361 1446 3410 dodiciz'
1470 3364 1496 3409 e
1525 3368 1641 3411 noto
1678 3364 1714 3408 il
1744 3364 1889 3409 modo
1918 3364 2138 3418 speciale
2168 3364 2258 3410 che
2291 3378 2517 3419 seguono

364 3434 381 3478 i
413 3434 547 3488 poeti
576 3435 785 3480 Romani
814 3436 895 3480 nel
926 3434 1247 3490 decomporre
1277 3435 1293 3479 i
1322 3436 1514 3482 numeri
1541 3435 1631 3490 piu
1660 3435 1763 3482 alti.

474 3509 539 3550 11.
567 3505 865 3561 Lucifer:
900 3520 1180 3551 nascemmo
1219 3507 1254 3551 il
1293 3507 1560 3552 medesimo
1599 3506 1772 3559 giorno
1803 3505 2061 3559 dell'anno,
2087 3506 2123 3550 il
2156 3507 2305 3561 quale
2331 3507 2517 3553 veniva

363 3575 537 3630 quindi
566 3576 818 3622 celebrato
847 3589 939 3621 con
968 3577 1063 3622 due
1102 3577 1302 3623 focacce
1334 3576 1444 3631 (che
1483 3577 1525 3622 si
1555 3590 1773 3622 usavano
1811 3579 2033 3631 appunto
2070 3576 2152 3622 nei
2190 3576 2399 3622 sacriflzi
2428 3577 2515 3622 dei

360 3646 524 3698 giorm
552 3647 786 3698 natalizi),

470 3719 536 3762 13.
562 3718 717 3763 haec
759 3721 881 3763 est:
918 3721 1093 3772 questo
1132 3718 1304 3772 giorno
1335 3718 1361 3763 e
1390 3717 1425 3761 il
1461 3716 1675 3763 secondo
1704 3717 1776 3772 (20
1803 3720 1987 3768 marzo)
2017 3716 2097 3762 dei
2127 3718 2306 3771 cinque
2335 3730 2516 3763 consa-

361 3788 487 3832 crati
508 3802 538 3832 a
552 3788 789 3844 Minerva,
807 3788 886 3834 nel
904 3789 1020 3843 qual
1040 3789 1212 3842 giorno
1233 3789 1603 3834 comineiavano
1624 3788 1692 3842 gli
1714 3788 1978 3843 spettacoli
1997 3787 2513 3844 gladiatoriiwuana)

361 3854 615 3902 interdetti
642 3859 723 3902 nel
753 3858 804 3903 dl
831 3858 1147 3912 precedente.

472 3929 537 3971 16.
565 3928 639 3972 ab
683 3932 845 3983 arte,
875 3941 898 3972 ‹
926 3929 1150 3974 nell’arte
1180 3928 1419 3975 didattioa
1449 3940 1488 3973 ›.
