2840 4464
1131 267 1319 310 mmm
1358 267 1415 321 v,
1452 254 1501 310 2.

411 373 529 446 Nee
571 394 671 440 me
716 373 906 439 Roma
951 372 1076 439 suis
1121 372 1303 438 debet
1345 372 1623 438 conferre
1667 383 1809 458 poet

497 477 662 542 inter
705 475 1096 541 Sauromfitas
1140 475 1493 562 ingeniosus
1535 494 1724 540 eram.

412 579 694 664 Denique
738 579 910 644 nulla
953 577 1109 642 mihi
1155 586 1435 663 captatur
1476 577 1689 664 gloria,
1736 597 1811 662 qu

500 680 746 768 ingenio
792 681 1070 745 stimulos
1114 679 1376 745 subdere
1418 680 1581 745 fama
1625 681 1793 744 solet.

414 781 708 849 Nolumus
751 781 1008 848 assiduis
1053 782 1331 847 animum
1375 782 1683 847 tabescere
1726 802 1811 847 cu]

502 904 658 970 quae
701 894 908 950 tamen
952 884 1327 969 irrumpunt,
1375 903 1619 968 quoque
1663 892 1811 948 veta]

419 986 542 1052 Cur
583 986 864 1063 scribam,
910 986 1104 1052 docui.
1153 985 1275 1051 Cur
1317 985 1578 1063 mittam,
1625 1005 1811 1070 quaer

503 1088 817 1154 vobiscum
860 1087 1039 1173 cupio
1084 1087 1358 1173 quolibet
1402 1107 1534 1153 esse
1577 1087 1779 1152 modo,

1294 1475 1356 1541 11.

419 1689 645 1775 Ecquid
690 1690 793 1756 ubi
840 1708 874 1754 e
918 1688 1108 1754 Ponto
1153 1709 1312 1754 nova
1357 1689 1528 1754 venit
1570 1689 1811 1774 epistula

505 1802 565 1857 et
607 1791 715 1857 tibi
761 1791 1016 1856 sollicita
1060 1791 1322 1856 solvitur
1366 1791 1473 1856 illa
1517 1797 1743 1856 manu?

421 1893 584 1960 Pone
628 1903 879 1971 metum,
926 1896 1118 1970 vale0‚
1165 1913 1525 1979 corpusque,
1572 1892 1734 1977 quod
1779 1914 1811 1958 a

505 1995 833 2081 impiitiens
879 1996 1055 2061 nobis
1098 1995 1565 2080 invalidumque
1609 1994 1743 2070 fuit,

423 2099 661 2175 sufficit,
709 2107 890 2183 atque
933 2098 1065 2183 ipso
1109 2108 1398 2163 vexatum
1444 2097 1722 2162 induruit
1763 2120 1811 2163 u:

506 2201 595 2266 An
641 2201 832 2288 magis
877 2199 1128 2266 infirmo
1173 2220 1296 2267 non
1342 2211 1513 2267 vacat
1555 2220 1686 2267 esse
1728 2200 1811 2265 mi

358 2478 423 2522 73.
451 2477 769 2531 conferre,
798 2488 822 2519 ‹
849 2489 1162 2530 paragonare
1192 2488 1231 2521 ›.

358 2549 422 2592 74.
450 2547 824 2601 ingeniosus
851 2546 964 2591 vale
992 2547 1198 2601 inuenio
1217 2547 1531 2602 probabilis,
1558 2560 1582 2591 ‹
1610 2560 1677 2591 un
1704 2560 1811 2592 uom

359 2619 425 2662 75.
454 2629 767 2671 quaeque,
795 2615 902 2662 eioe
931 2619 980 2661 et
1005 2616 1163 2661 nulla
1183 2617 1342 2671 sama
1369 2630 1517 2671 quae.

356 2689 424 2731 78.
451 2699 657 2741 quoqu
669 2700 708 2741 e,
737 2686 869 2732 ossia
896 2690 945 2731 et
973 2699 1096 2741 quo:
1124 2686 1338 2732 sebbene
1369 2687 1416 2731 io
1447 2687 1624 2742 soi-iva,
1648 2700 1740 2741 per
1768 2686 1809 2732 is

244 2756 484 2813 pensiori,
509 2770 605 2810 pur
632 2756 730 2801 essi
757 2756 1075 2801 m'inealzano
1109 2770 1303 2811 sempre
1337 2770 1364 2801 e
1396 2757 1465 2802 mi
1491 2761 1690 2803 restano
1719 2758 1811 2803 assi

248 2826 449 2883 quando
478 2839 754 2881 compungo
785 2826 800 2870 i
829 2826 946 2871 miei
973 2826 1120 2871 versi.

358 2899 425 2943 79.
453 2898 594 2951 isto,
625 2896 703 2941 eol
731 2896 991 2952 Ruhnken,
1016 2909 1108 2951 per
1135 2897 1266 2942 istos
1294 2896 1374 2941 dei
1403 2897 1544 2943 eodd.
1573 2910 1601 2942 e
1629 2897 1759 2942 delle
1789 2911 1811 2942 a

355 2970 424 3012 80.
459 2967 807 3022 vobiscum,
842 2967 947 3013 soil,
981 2966 1196 3012 Romae.
1232 2990 1284 2999 —
1323 2968 1634 3023 quolibet,
1670 2967 1811 3012 anch«

249 3038 368 3083 miei
395 3037 528 3084 libri.

330 3194 561 3247 Elegia
587 3194 683 3249 ΙΙ,
712 3193 846 3239 nella
873 3194 1022 3248 quale
1051 3194 1086 3237 il
1114 3198 1266 3248 poeta
1293 3208 1453 3249 prega
1480 3195 1531 3239 la
1558 3195 1739 3248 moglie
1773 3194 1811 3240 d*

251 3265 341 3311 che
372 3265 443 3318 gli
472 3264 548 3309 sia
575 3267 765 3309 mutato
794 3264 829 3308 il
858 3264 1008 3318 luogo
1037 3264 1311 3310 dell'esilio.

387 3338 428 3381 1.
454 3335 701 3388 ecquid,
730 3347 754 3378 ‹
781 3334 965 3387 perche
995 3334 1094 3379 mai
1122 3346 1162 3379 ›.

383 3405 425 3447 2.
451 3404 616 3449 solvi
627 3395 757 3449 tur':
782 3417 844 3448 ne
873 3403 1049 3457 soiogli
1078 3404 1094 3447 i
1122 3403 1306 3458 legami
1334 3417 1427 3450 oon
1455 3418 1600 3450 mano
1630 3404 1811 3458 agitata

388 3475 428 3516 4.
453 3473 844 3529 invalidum,
871 3487 895 3518 ‹
926 3474 1101 3520 debole
1132 3485 1171 3519 ›.

386 3546 426 3587 ὃ.
454 3543 743 3599 sufficit,
771 3558 795 3589 ‹
817 3544 882 3589 mi
903 3558 1139 3598 sori-egge
1162 3555 1200 3589 >.
1219 3568 1271 3577 -
1299 3558 1444 3600 usu,
1470 3545 1603 3591 nella
1620 3545 1811 3600 pratioa

250 3614 329 3660 eol
360 3613 546 3658 dolore.

383 3686 423 3729 6.
452 3697 534 3729 an
560 3686 768 3740 mauis
795 3686 1071 3741 infirmo
1098 3687 1211 3731 vale
1243 3699 1315 3733 an
1357 3686 1669 3741 infirmiori:
1697 3686 1763 3731 mi
1795 3691 1811 3731 t

249 3759 397 3809 stato,
423 3755 513 3800 ohe
542 3769 640 3801 non
671 3754 698 3800 ὸ
717 3756 956 3811 possibile
976 3757 1066 3802 ohe
1088 3770 1198 3802 esso
1220 3757 1262 3801 si
1283 3757 1492 3810 agga-avi
1512 3756 1561 3801 di
1580 3756 1683 3811 piu.
1701 3758 1811 3802 Altr

249 3826 423 3881 mavis
441 3826 523 3871 nel
552 3838 698 3871 senso
728 3825 777 3869 di
798 3827 996 3881 potius,
1025 3840 1050 3871 e
1080 3827 1293 3872 eredono
1322 3826 1495 3872 inveee
1523 3827 1613 3872 ohe
1643 3827 1659 3871 i
1689 3826 1811 3880 disat

249 3895 437 3942 laseino
458 3894 546 3951 piu
565 3895 712 3941 modo
733 3896 1087 3950 d'ammalarsi3
1105 3911 1185 3942 ma
1204 3897 1670 3952 Pinterpretazione,
1687 3910 1811 3951 quan

249 3979 347 4011 non
376 3966 443 4011 mi
469 3979 593 4021 pare
624 3966 908 4021 plausibile.
