2840 4464
370 326 678 360 VV‘v-V-VW
705 331 731 359 V
1290 331 1316 357 V
2181 322 2506 359 WV-VVV

929 815 1285 891 LIBER
1354 812 1954 890 SECUNDUS

1301 992 1596 1003 ——

540 1215 699 1299 Quid
742 1215 895 1280 mihi
944 1215 1256 1282 vobiscum
1299 1226 1389 1282 est
1435 1216 1647 1282 infelix
1694 1237 1856 1290 cura,
1904 1217 2118 1294 libelli,

628 1317 874 1406 ingenio
917 1318 1071 1404 perii
1121 1319 1223 1405 qui
1271 1320 1459 1385 miser
1502 1319 1633 1405 ipse
1676 1325 1861 1385 meo?

544 1421 666 1487 Cur
708 1420 889 1486 modo
933 1419 1249 1486 damnatas
1295 1431 1523 1508 repete,
1571 1441 1706 1487 mea
1750 1421 2027 1500 erimina,
2060 1426 2312 1487 musas?

628 1544 707 1589 an
752 1524 941 1590 semel
985 1534 1076 1589 est
1119 1544 1381 1610 poenam
1425 1524 1860 1591 commeruisse
1901 1531 2171 1610 parum?

545 1626 828 1692 Carmina
873 1627 1164 1705 fecerunt,
1208 1638 1277 1693 ut
1320 1648 1419 1693 me
1465 1648 1820 1714 eognoscexe
1863 1629 2049 1693 vellet

633 1729 838 1796 omine
884 1750 1009 1795 non
1053 1730 1246 1796 fausto
1292 1731 1519 1796 femina
1564 1731 1783 1816 virque
1825 1750 2001 1796 meo:

545 1832 816 1898 earmina
861 1833 1151 1910 fecerunt,
1196 1843 1266 1899 ut
1309 1853 1408 1899 1ne
1455 1854 1776 1919 moresque
1822 1842 2061 1898 notaret

631 1935 754 2000 iam
799 1935 1048 2001 demum
1094 1936 1221 2001 visa
1267 1935 1498 2015 Caesar*
1530 1937 1605 2001 ab
1648 1947 1778 2005 arte
1821 1948 1975 2001 men.

546 2036 738 2103 Deme
781 2038 934 2102 mihi
984 2038 1273 2116 studium,
1305 2040 1467 2104 vitae
1512 2059 1754 2125 quoque
1796 2039 2053 2104 crimina
2099 2039 2345 2105 demes:

633 2154 942 2230 acceptum
989 2144 1187 2209 refero
1232 2144 1528 2222 versibuS‚
1577 2164 1705 2209 esse
1751 2163 1994 2211 nocens,
2368 2175 2372 2181 ·
2441 2144 2518 2206 10

2478 1628 2516 1690 Q:

462 2379 626 2423 LIB.
658 2380 752 2424 ΙΙ.
795 2379 1033 2433 Supplica
1062 2377 1126 2423 ad
1154 2379 1394 2432 Augusto.

515 2453 552 2494 1.
580 2450 820 2505 infeliae
848 2463 1027 2504 cura,
1056 2463 1079 2494 ‹
1102 2452 1279 2503 questa
1299 2448 1581 2502 sciagurata
1600 2448 1700 2494 mia
1719 2449 2047 2503 oocupazione
2068 2459 2107 2504 ›‚
2128 2447 2154 2494 ὲ
2176 2462 2312 2502 3033.
2333 2448 2382 2494 di
2398 2449 2525 2504 quid

379 2522 514 2566 mihi
542 2524 632 2576 est,
661 2534 684 2565 ‹
713 2535 744 2565 a
772 2521 861 2566 che
890 2521 956 2565 mi
984 2520 1133 2574 giova
1162 2530 1200 2565 ›.

514 2595 554 2637 2.
580 2605 709 2637 meo
738 2593 1019 2647 maenio,
1038 2605 1061 2636 ‹
1080 2605 1171 2646 per
1198 2592 1346 2646 oolpa
1374 2591 1451 2636 dei
1483 2591 1598 2636 miei
1617 2591 1768 2637 studii
1787 2603 1824 2644 ›,
1846 2592 1935 2637 ohe
1956 2591 2022 2636 mi
2042 2592 2317 2637 fruttarono
2336 2590 2527 2636 l'esilio.

514 2666 554 2708 3.
582 2676 718 2708 mea
746 2664 1025 2708 crimina
1054 2662 1080 2707 ὸ
1111 2662 1430 2717 apposizione
1451 2663 1501 2706 di
1529 2662 1730 2717 Musas,
1758 2676 1781 2707 ‹
1802 2662 2007 2716 eagione
2038 2662 2167 2707 delle
2195 2662 2290 2707 mie
2312 2663 2453 2716 colpe
2482 2673 2521 2703 ›.

517 2737 557 2779 6.
583 2748 712 2779 meo
752 2735 956 2779 omine
1003 2746 1128 2778 non
1165 2735 1412 2788 fausto,
1460 2747 1484 2778 ‹
1530 2748 1621 2789 per
1666 2734 1766 2778 mia.
1811 2733 2055 2787 disgrazia
2099 2745 2138 2777 ›.
2185 2758 2236 2764 -
2275 2733 2525 2789 semina

382 2806 606 2860 virque
635 2804 661 2849 ὁ
690 2805 946 2858 generieo:
974 2819 997 2850 ‹
1028 2804 1143 2858 ogni
1171 2815 1315 2850 uomo
1346 2818 1372 2850 e
1411 2806 1574 2849 donna
1604 2805 1824 2849 Romana
1852 2815 1891 2848 ›.
1919 2804 1961 2848 11
1988 2807 2140 2859 poeta
2176 2804 2216 2849 si
2248 2803 2393 2849 duole
2436 2817 2524 2848 eon

384 2880 558 2932 queste
585 2877 758 2931 parole
788 2876 1129 2921 dell'infausta
1158 2876 1408 2931 celem-ita,
1438 2876 1527 2922 ohe
1556 2877 1626 2930 gli
1653 2889 1987 2930 proeurarono
2009 2876 2025 2920 i
2045 2876 2152 2921 suoi
2181 2876 2295 2920 libri
2325 2876 2386 2920 de
2414 2880 2526 2920 arte

385 2949 623 2998 amandi.

520 3022 558 3064 7.
582 3021 902 3074 fecerunt,
922 3032 944 3063 <
968 3020 1141 3065 fut-ono
1172 3020 1316 3073 eolpa
1346 3029 1382 3063 ›.
1412 3042 1463 3049 —-
1491 3032 1698 3064 mores
1725 3022 1999 3073 notaret,
2028 3031 2051 3062 ‹
2084 3018 2364 3072 giudieasse
2394 3030 2527 3062 seve-

385 3092 607 3134 ramente
636 3089 653 3133 i
681 3088 796 3134 miei
825 3090 1030 3135 oostumi
1060 3102 1101 3132 ›.

520 3162 560 3205 8.
587 3161 718 3206 iam
754 3161 999 3205 demum
1033 3163 1176 3206 visa
1204 3166 1247 3212 (‹
1276 3175 1363 3206 ora
1392 3162 1622 3216 soltanto‚
1650 3160 1779 3215 dopo
1810 3160 1852 3205 si
1879 3162 2028 3214 lungo
2067 3164 2249 3215 tempo,
2277 3164 2527 3205 osservata

388 3246 415 3277 e
443 3234 616 3277 notata
642 3230 685 3286 ›)
714 3232 792 3276 eol
822 3231 998 3286 Guelf„
1025 3231 1136 3276 Vat.
1165 3246 1190 3277 e
1220 3233 1288 3287 L.‚
1314 3232 1395 3277 nel
1424 3233 1572 3286 quale
1601 3231 2038 3286 propriamente.si
2069 3233 2213 3286 legge
2246 3233 2357 3275 iam
2396 3230 2528 3275 demi

385 3304 550 3347 iussa.
564 3301 746 3346 Poiehe
766 3302 906 3346 l’Ars
927 3303 1148 3347 amandi
1167 3315 1252 3352 era
1271 3306 1402 3348 stata
1422 3302 1711 3357 pubblicata
1732 3301 1813 3347 dal
1841 3306 1993 3357 poeta
2021 3303 2150 3347 dieci
2178 3302 2307 3347 anni
2325 3301 2531 3355 innanzi,

387 3371 553 3419 alcuni
596 3372 773 3417 editori
815 3372 1176 3428 sostituiscono‚
1217 3373 1294 3419 eol
1335 3373 1442 3418 eod.
1471 3374 1696 3419 Palatino
1726 3387 1752 3418 e
1782 3374 1860 3419 col
1890 3373 2130 3425 Gothano,
2170 3374 2283 3418 iam
2319 3372 2528 3428 pridem

388 3445 577 3498 invisa,
606 3442 712 3488 cioe
742 3456 766 3487 <
794 3442 879 3497 gie
903 3444 1064 3497 prima
1093 3443 1219 3489 fatte,
1247 3458 1398 3498 segno
1430 3445 1626 3490 all'odio
1657 3444 1736 3489 del
1764 3444 1988 3499 principe
2018 3455 2057 3488 ›.
2085 3443 2167 3488 Ma
2195 3442 2369 3489 Ovidio
2388 3443 2529 3487 vuole

387 3516 559 3560 invece
588 3514 854 3569 insinuare,
881 3514 970 3560 ehe
999 3516 1223 3568 Augusto
1251 3528 1348 3559 non
1378 3518 1505 3560 s'era
1534 3515 1795 3570 dapprima
1831 3518 2002 3560 curato
2034 3514 2165 3559 della
2202 3527 2293 3559 sua
2321 3527 2487 3569 opera,
2505 3527 2528 3558 e

391 3586 480 3631 ohe
510 3599 569 3631 su
598 3585 648 3629 di
677 3599 790 3630 essa
817 3585 1053 3631 riehiamo
1080 3586 1389 3631 l'attenzione
1422 3586 1468 3630 di
1498 3586 1565 3630 lui
1595 3601 1662 3631 un
1691 3599 1778 3630 suo
1809 3584 2013 3638 nemieo,
2054 3584 2251 3639 quando
2293 3585 2417 3630 altre
2461 3598 2530 3630 ra-

392 3655 527 3709 gioni
555 3655 627 3710 gli
656 3668 876 3701 avevano
906 3656 1121 3702 alienato
1150 3657 1345 3701 l'animo
1375 3656 1426 3701 di
1454 3657 1704 3712 August03
1734 3656 1820 3700 cfr.
1848 3670 1892 3699 v.
1919 3658 1995 3701 211
2029 3669 2164 3709 segg.

524 3729 564 3772 9.
591 3727 903 3782 studium,
932 3740 956 3771 <
985 3728 1183 3772 l’amore
1214 3727 1348 3772 della
1374 3728 1549 3781 poesia
1580 3738 1620 3771 ›.

502 3800 566 3841 10.
595 3811 729 3842 esse
768 3811 995 3843 nocens
1028 3812 1119 3852 per
1148 3811 1256 3843 esse
1283 3803 1552 3844 nocentem
1582 3798 1608 3843 ὲ
1638 3798 1819 3843 dovuto
1850 3813 1880 3843 a
1908 3798 2260 3844 un’attrazione
2280 3796 2328 3842 di
2356 3798 2533 3852 refero,

398 3866 610 3911 secondo
638 3868 760 3913 l'uso
789 3869 992 3923 proprio
1023 3869 1102 3913 dei
1133 3869 1291 3914 Greci.
1328 3894 1380 3900 —
1411 3873 1766 3924 acceptum,
1798 3883 1820 3913 <
1851 3871 2000 3924 quale
2030 3869 2340 3922 ricompensa
2378 3882 2405 3912 ο
2434 3869 2533 3921 gui-

400 3935 615 3980 derdone
646 3948 685 3981 ›.
