2840 4464
1250 265 1440 306 LIBER
1476 266 1537 305 11.
2386 247 2451 302 53

486 367 605 434 Hoc
647 369 915 454 pretium
959 391 1139 436 curae
1181 371 1695 457 vigilatorumque
1740 369 2020 435 laborum
2104 447 2108 453 ¹

569 472 878 558 cepimus:
925 473 1169 559 ingenio
1214 483 1302 539 est
1346 494 1543 559 poena
1591 483 1831 559 reperta
1875 492 2031 537 meo.

488 574 549 638 Si
595 595 893 660 saperem,
939 576 1140 642 doctas
1184 577 1448 643 odissem
1492 576 1627 643 iure
1670 597 1926 653 sororeS,

571 678 826 744 numina
869 679 1087 746 cultori
1131 680 1470 765 perniciosa
1515 700 1641 747 suc.

486 780 558 844 At
599 801 763 847 nunc
791 820 874 829 ——
904 791 1073 847 tanta
1102 802 1238 848 meo
1269 802 1467 848 comes
1511 792 1602 848 est
1645 781 1884 847 insania
1918 781 2164 846 morbo!
2198 817 2283 826 ——-
2374 779 2450 843 15

568 904 710 949 saxa
755 887 987 952 malum
1033 884 1230 951 refero
1276 906 1489 951 rursus
1534 885 1610 950 ad
1655 885 1769 950 icta
1811 883 2073 970 pedem:

486 985 708 1052 scilicet
753 997 819 1053 ut
862 989 1055 1055 victus
1100 988 1322 1074 repetit
1365 989 1666 1075 gladiator
1711 987 2028 1064 harenam,

569 1098 629 1155 et
672 1090 831 1156 redit
875 1091 939 1157 in
985 1092 1247 1157 tumidas
1293 1091 1584 1178 naufraga
1628 1091 1853 1176 puppis
1898 1110 2102 1176 aquas

486 1189 756 1258 Forsitan
805 1204 870 1259 ut
906 1194 1216 1281 quondam
1258 1193 1657 1261 Teuthrantia
1703 1213 1888 1280 regna
1930 1192 2184 1270 tenenti,

572 1295 655 1360 sic
696 1296 851 1363 mihi
897 1317 996 1362 res
1038 1298 1252 1362 eadem
1296 1298 1523 1362 vulnus
1566 1316 1869 1382 opemque
1912 1295 2103 1374 serat3
2370 1295 2453 1358 ⁸20

489 1417 799 1485 musaque,
833 1419 1016 1484 quam
1061 1399 1272 1478 movit,
1317 1409 1546 1465 motam
1592 1419 1833 1486 quoque
1878 1397 2065 1464 leniet
2109 1398 2305 1462 iram:

570 1512 824 1568 exorant
865 1522 1117 1589 magnos
1160 1503 1433 1568 carmina
1475 1522 1655 1587 saepe
1701 1502 1861 1567 deos.

486 1604 616 1690 lpse
661 1626 901 1720 quoque
945 1607 1236 1673 Ausonias
1281 1605 1500 1671 Caesar
1541 1615 1888 1690 matresque
1933 1622 2248 1688 nurusque

569 1709 842 1775 carmina
887 1709 1224 1796 turrigerae
1267 1710 1469 1775 dicere
1513 1709 1686 1775 iussit
1730 1707 1867 1793 Opi.

486 1809 743 1878 Iusserat
786 1823 846 1878 et
888 1811 1132 1878 Phoebo
1177 1813 1313 1890 dici,
1361 1833 1482 1898 quo
1526 1821 1801 1897 tempore
1846 1811 2022 1877 ludos
2082 1825 2131 1882 Ν
2154 1842 2171 1868 2
2370 1809 2450 1872 025

567 1915 723 1993 fecit,
771 1935 921 2001 quos
965 1926 1127 1981 aetas
1170 1914 1387 2001 aspicit
1430 1935 1554 1980 una
1599 1916 1805 1980 semel.

485 2016 587 2082 His
629 2038 847 2104 precor
888 2019 1185 2104 exemplis
1228 2028 1332 2085 tua
1377 2038 1559 2096 nunc,
1605 2017 1926 2082 mitissime
1970 2014 2205 2090 Caesar,

569 2120 676 2186 fiat
721 2121 796 2186 ab
842 2120 1086 2208 ingenio
1132 2121 1377 2187 mollior
1423 2121 1514 2186 ira
1557 2140 1713 2185 meo.

484 2221 590 2309 Illa
613 2222 882 2316 *quidem
927 2223 1082 2290 iusta
1126 2234 1235 2302 est,
1283 2244 1394 2289 nec
1438 2243 1538 2289 me
1582 2223 1879 2289 meruisse
1923 2221 2187 2308 negabo:

571 2313 704 2392 non
741 2327 892 2393 adeo
937 2338 1143 2393 nostro
1188 2328 1340 2414 fugit
1385 2327 1462 2392 ab
1506 2348 1612 2394 ore
1655 2326 1871 2413 pudor.
2372 2321 2454 2387 30

422 2635 487 2678 12.
513 2634 788 2689 inuenio,
812 2634 910 2679 dat.

420 2706 485 2748 13.
512 2717 793 2759 sorores,
821 2704 928 2750 cioe
956 2705 1003 2749 le
1032 2718 1184 2750 muse.

420 2776 485 2819 14.
513 2775 778 2829 cultori,
806 2788 831 2819 <
860 2788 1088 2830 seguace,
1117 2776 1313 2831 alanno,
1342 2775 1603 2821 adoratore
1632 2786 1671 2819 ›.

419 2847 485 2889 16.
511 2846 775 2901 malum,
804 2859 829 2890 <
849 2846 1147 2901 soiagurat0‚
1164 2847 1463 2901 disgraziato
1484 2857 1522 2891 ›.
1541 2870 1594 2877 -—
1612 2847 1767 2899 icta,
1796 2858 1818 2889 ‹
1842 2844 1890 2889 in
1910 2844 1989 2889 cui
2009 2843 2289 2899 inciampai‚
2307 2843 2453 2893 nrt-ai,

309 2915 445 2961 diedi
476 2916 524 2960 di
553 2930 712 2973 cozzo,
741 2917 807 2962 mi
835 2917 947 2962 ferii
976 2918 1026 2963 la
1051 2918 1214 2972 prima
1240 2918 1375 2963 volta
1403 2929 1444 2963 >.

420 2989 485 3032 19.
505 2988 828 3042 forsitan:
855 2989 1021 3033 allude
1043 3003 1072 3033 a
1093 2989 1276 3044 Telefo‚
1295 3002 1580 3035 successore
1603 2988 1652 3033 di
1667 2989 1933 3034 Toutrante
1951 2988 2033 3033 nel
2053 3000 2205 3041 regno
2227 2986 2277 3031 di
2296 2986 2457 3041 Misia,

310 3059 402 3104 che
429 3072 588 3103 venne
615 3059 759 3104 ferito
789 3072 816 3103 e
844 3059 929 3114 poi
958 3060 1176 3105 risanato
1206 3060 1339 3105 dalla
1367 3060 1530 3105 lancia
1560 3059 1813 3104 d'Achille.
1855 3058 1968 3103 Coei
2006 3058 2069 3102 ad
2098 3058 2272 3103 Ovidio
2301 3058 2318 3101 i
2347 3058 2455 3103 suoi

287 3129 466 3175 ·carmi
508 3131 789 3175 otterranno
832 3129 962 3176 forse
1005 3130 1040 3174 il
1081 3131 1302 3185 perdono
1344 3131 1393 3175 di
1435 3131 1675 3184 Augusto,
1709 3129 1837 3184 dopo
1868 3129 2148 3182 avergliene
2178 3129 2377 3174 attirato
2407 3129 2455 3174 lo

311 3200 517 3254 sdegno.

419 3274 485 3316 20.
504 3273 690 3327 serat
718 3273 794 3317 col
822 3273 876 3317 L.
905 3286 931 3317 e
961 3286 1051 3318 con
1080 3274 1126 3318 le
1157 3273 1350 3319 antiche
1381 3272 1606 3319 edizioni.

416 3344 484 3386 22.
512 3347 804 3398 exorant,
836 3357 860 3387 ‹
887 3343 1098 3398 placano
1128 3355 1166 3390 ›.

417 3415 484 3458 23.
511 3415 675 3469 ipse:
717 3428 934 3459 accenna
975 3414 1071 3459 alle
1114 3414 1240 3460 feste
1284 3415 1524 3460 saturnali
1568 3414 1629 3459 ed
1672 3415 1825 3469 opali,
1850 3414 1900 3459 in
1929 3414 2008 3460 cui
2038 3414 2083 3459 le
2114 3414 2273 3459 donne
2303 3413 2455 3459 latine

311 3488 584 3531 cantavano
610 3485 744 3531 versi
771 3485 823 3531 in
850 3498 1000 3531 onore
1031 3486 1078 3530 di
1109 3486 1316 3532 Saturno
1347 3500 1374 3531 e
1403 3486 1454 3531 di
1483 3486 1592 3540 Opi,
1620 3500 1710 3531 sua
1740 3486 1941 3541 moglie,
1974 3485 2183 3530 divinita
2217 3485 2456 3539 largitrici

312 3555 391 3601 dei
422 3555 562 3601 frutti
592 3556 725 3601 della
753 3559 900 3602 terra.
2180 3550 2184 3552 ⁵

417 3628 484 3672 24.
513 3628 910 3682 ταννίροναο,
936 3627 1042 3673 οἰοὲ
1072 3641 1321 3674 coronam
1350 3631 1604 3674 turritam
1630 3630 1843 3684 oerenti.

418 3700 486 3743 25.
512 3697 830 3743 iusserat:
857 3698 1019 3744 indica
1047 3698 1095 3744 le
1123 3699 1248 3744 feste
1278 3699 1502 3753 semlai-i,
1529 3699 1579 3743 in
1601 3700 1679 3745 cui
1699 3700 1939 3745 venivano
1960 3712 2049 3744 con
2071 3698 2201 3743 canti
2221 3696 2459 3743 celebrati

310 3767 446 3814 Febo
469 3782 495 3814 e
515 3768 690 3813 Diana.
712 3793 764 3800 -
785 3769 937 3824 dici,
958 3769 1063 3815 scil.
1091 3770 1350 3816 carmina.
1366 3794 1420 3801 —
1451 3771 1659 3824 ludos,
1687 3770 1789 3815 scil.
1809 3770 2122 3824 saeculares,
2138 3768 2376 3813 celebrati
2396 3768 2460 3812 da

309 3840 536 3893 Augusto
564 3839 726 3884 nell'a.
752 3842 834 3885 736
861 3840 911 3885 di
940 3840 996 3885 R.

421 3912 490 3955 26.
518 3915 726 3966 aetas,
755 3925 779 3955 ‹
806 3912 1149 3968 senei-wione,
1177 3913 1341 3959 secolo
1371 3923 1411 3957 >.

420 3984 487 4027 28.
515 3983 613 4037 ab,
642 3996 666 4026 ‹
695 3995 784 4038 per
813 3996 967 4037 opera
995 3993 1034 4028 ›.
