<?xml version="1.0" encoding="UTF-8"?>
<!DOCTYPE html PUBLIC "-//W3C//DTD XHTML 1.0 Transitional//EN"
    "http://www.w3.org/TR/xhtml1/DTD/xhtml1-transitional.dtd">
<html xmlns="http://www.w3.org/1999/xhtml" xml:lang="en" lang="en">
 <head>
  <title>
</title>
<meta http-equiv="Content-Type" content="text/html;charset=utf-8" />
  <meta name='ocr-system' content='tesseract 3.04.00' />
  <meta name='ocr-capabilities' content='ocr_page ocr_carea ocr_par ocr_line ocrx_word'/>
</head>
<body>
  <div class='ocr_page' id='page_1' title='image "./povidinasonistr00enrigoog_0025.png"; bbox 0 0 2840 4464; ppageno 0'>
   <div class='ocr_carea' id='block_1_1' title="bbox 1166 194 1511 259">
    <p class='ocr_par' dir='ltr' id='par_1_1' title="bbox 1166 194 1511 259">
     <span class='ocr_line' id='line_1_1' title="bbox 1166 194 1511 259; baseline 0 -13"><span class='ocrx_word' id='word_1_1' title='bbox 1166 207 1352 248; x_wconf 76' lang='lat' dir='ltr'>LIBER</span> <span class='ocrx_word' id='word_1_2' title='bbox 1388 207 1428 259; x_wconf 91' lang='lat'>1,</span> <span class='ocrx_word' id='word_1_3' title='bbox 1462 194 1511 246; x_wconf 85' lang='grc'>2.</span> 
     </span>
    </p>
   </div>
   <div class='ocr_carea' id='block_1_2' title="bbox 333 313 2079 2353">
    <p class='ocr_par' dir='ltr' id='par_1_2' title="bbox 435 313 2006 505">
     <span class='ocr_line' id='line_1_2' title="bbox 435 313 2006 401; baseline -0.001 -22"><span class='ocrx_word' id='word_1_4' title='bbox 435 315 627 400; x_wconf 82' lang='lat' dir='ltr'>Saepe</span> <span class='ocrx_word' id='word_1_5' title='bbox 652 315 838 381; x_wconf 44' lang='lat' dir='ltr'>:ferox</span> <span class='ocrx_word' id='word_1_6' title='bbox 885 326 1126 382; x_wconf 85' lang='lat' dir='ltr'>cautum</span> <span class='ocrx_word' id='word_1_7' title='bbox 1171 315 1347 401; x_wconf 86' lang='lat' dir='ltr'>petiit</span> <span class='ocrx_word' id='word_1_8' title='bbox 1389 314 1705 401; x_wconf 79' lang='lat' dir='ltr'><strong>Neptunus</strong></span> <span class='ocrx_word' id='word_1_9' title='bbox 1750 313 2006 391; x_wconf 83' lang='lat' dir='ltr'><strong>Ulixem,</strong></span> 
     </span>
     <span class='ocr_line' id='line_1_3' title="bbox 519 418 1720 505; baseline -0.002 -22"><span class='ocrx_word' id='word_1_10' title='bbox 519 419 746 504; x_wconf 84' lang='lat' dir='ltr'>eripuit</span> <span class='ocrx_word' id='word_1_11' title='bbox 787 429 1007 504; x_wconf 85' lang='lat' dir='ltr'>patruo</span> <span class='ocrx_word' id='word_1_12' title='bbox 1049 439 1230 505; x_wconf 80' lang='lat' dir='ltr'>saepe</span> <span class='ocrx_word' id='word_1_13' title='bbox 1273 418 1546 484; x_wconf 85' lang='lat' dir='ltr'>Minerva</span> <span class='ocrx_word' id='word_1_14' title='bbox 1593 438 1720 484; x_wconf 89' lang='lat' dir='ltr'>suo.</span> 
     </span>
    </p>

    <p class='ocr_par' dir='ltr' id='par_1_3' title="bbox 438 518 2006 711">
     <span class='ocr_line' id='line_1_4' title="bbox 438 518 2006 608; baseline -0.003 -22"><span class='ocrx_word' id='word_1_15' title='bbox 438 522 506 586; x_wconf 86' lang='lat' dir='ltr'>Et</span> <span class='ocrx_word' id='word_1_16' title='bbox 549 523 724 592; x_wconf 87' lang='lat' dir='ltr'>nobis</span> <span class='ocrx_word' id='word_1_17' title='bbox 768 521 1032 608; x_wconf 84' lang='lat' dir='ltr'><strong>aliquod,</strong></span> <span class='ocrx_word' id='word_1_18' title='bbox 1080 522 1361 607; x_wconf 86' lang='lat' dir='ltr'>quamvis</span> <span class='ocrx_word' id='word_1_19' title='bbox 1405 521 1701 587; x_wconf 83' lang='lat' dir='ltr'>distamus</span> <span class='ocrx_word' id='word_1_20' title='bbox 1744 519 1821 585; x_wconf 90' lang='lat' dir='ltr'>ab</span> <span class='ocrx_word' id='word_1_21' title='bbox 1866 518 2006 595; x_wconf 84' lang='lat' dir='ltr'>illis,</span> 
     </span>
     <span class='ocr_line' id='line_1_5' title="bbox 521 624 1792 711; baseline -0.002 -21"><span class='ocrx_word' id='word_1_22' title='bbox 521 626 657 711; x_wconf 90' lang='lat' dir='ltr'>quis</span> <span class='ocrx_word' id='word_1_23' title='bbox 701 635 864 690; x_wconf 86' lang='lat' dir='ltr'>vetat</span> <span class='ocrx_word' id='word_1_24' title='bbox 906 625 1061 690; x_wconf 84' lang='lat' dir='ltr'>irato</span> <span class='ocrx_word' id='word_1_25' title='bbox 1105 643 1337 691; x_wconf 89' lang='lat' dir='ltr'>numen</span> <span class='ocrx_word' id='word_1_26' title='bbox 1383 625 1593 690; x_wconf 79' lang='lat' dir='ltr'>adesse</span> <span class='ocrx_word' id='word_1_27' title='bbox 1636 624 1792 690; x_wconf 86' lang='lat' dir='ltr'>deo?</span> 
     </span>
    </p>

    <p class='ocr_par' dir='ltr' id='par_1_4' title="bbox 436 726 2008 916">
     <span class='ocr_line' id='line_1_6' title="bbox 436 726 2008 812; baseline 0 -20"><span class='ocrx_word' id='word_1_28' title='bbox 436 727 635 793; x_wconf 84' lang='lat' dir='ltr'>Verba</span> <span class='ocrx_word' id='word_1_29' title='bbox 680 729 868 794; x_wconf 87' lang='lat' dir='ltr'>miser</span> <span class='ocrx_word' id='word_1_30' title='bbox 912 727 1134 793; x_wconf 83' lang='lat' dir='ltr'>frustra</span> <span class='ocrx_word' id='word_1_31' title='bbox 1181 746 1304 791; x_wconf 92' lang='lat' dir='ltr'>non</span> <span class='ocrx_word' id='word_1_32' title='bbox 1350 726 1739 812; x_wconf 79' lang='lat' dir='ltr'>proficientia</span> <span class='ocrx_word' id='word_1_33' title='bbox 1783 727 2008 812; x_wconf 81' lang='lat' dir='ltr'>perdo:</span> 
     </span>
     <span class='ocr_line' id='line_1_7' title="bbox 518 830 2007 916; baseline 0.001 -23"><span class='ocrx_word' id='word_1_34' title='bbox 518 831 648 915; x_wconf 87' lang='lat' dir='ltr'>ipsa</span> <span class='ocrx_word' id='word_1_35' title='bbox 692 850 907 916; x_wconf 84' lang='lat' dir='ltr'>graves</span> <span class='ocrx_word' id='word_1_36' title='bbox 949 839 1246 914; x_wconf 81' lang='lat' dir='ltr'>spargunt</span> <span class='ocrx_word' id='word_1_37' title='bbox 1289 849 1395 894; x_wconf 84' lang='lat' dir='ltr'>ora</span> <span class='ocrx_word' id='word_1_38' title='bbox 1443 830 1752 915; x_wconf 87' lang='lat' dir='ltr'>loquentis</span> <span class='ocrx_word' id='word_1_39' title='bbox 1796 849 2007 915; x_wconf 88' lang='lat' dir='ltr'>aquae,</span> 
     </span>
    </p>

    <p class='ocr_par' dir='ltr' id='par_1_5' title="bbox 441 930 2076 1119">
     <span class='ocr_line' id='line_1_8' title="bbox 441 930 2076 1017; baseline 0 -21"><span class='ocrx_word' id='word_1_40' title='bbox 441 932 850 1017; x_wconf 85' lang='lat' dir='ltr'>terribilisque</span> <span class='ocrx_word' id='word_1_41' title='bbox 894 941 1074 997; x_wconf 90' lang='lat' dir='ltr'>notus</span> <span class='ocrx_word' id='word_1_42' title='bbox 1119 932 1295 996; x_wconf 82' lang='lat' dir='ltr'>iactat</span> <span class='ocrx_word' id='word_1_43' title='bbox 1338 951 1474 996; x_wconf 90' lang='lat' dir='ltr'>mea</span> <span class='ocrx_word' id='word_1_44' title='bbox 1522 930 1700 1009; x_wconf 84' lang='lat' dir='ltr'>dicta,</span> <span class='ocrx_word' id='word_1_45' title='bbox 1746 951 2076 1017; x_wconf 85' lang='lat' dir='ltr'>precesque</span> 
     </span>
     <span class='ocr_line' id='line_1_9' title="bbox 522 1033 1893 1119; baseline 0 -20"><span class='ocrx_word' id='word_1_46' title='bbox 522 1035 600 1099; x_wconf 83' lang='lat' dir='ltr'>ad</span> <span class='ocrx_word' id='word_1_47' title='bbox 645 1054 798 1119; x_wconf 90' lang='lat' dir='ltr'>quos</span> <span class='ocrx_word' id='word_1_48' title='bbox 843 1035 1190 1110; x_wconf 82' lang='lat' dir='ltr'>mittuntur,</span> <span class='ocrx_word' id='word_1_49' title='bbox 1231 1054 1356 1099; x_wconf 91' lang='lat' dir='ltr'>non</span> <span class='ocrx_word' id='word_1_50' title='bbox 1404 1035 1551 1098; x_wconf 88' lang='lat' dir='ltr'>sinit</span> <span class='ocrx_word' id='word_1_51' title='bbox 1597 1034 1687 1099; x_wconf 82' lang='lat' dir='ltr'>ire</span> <span class='ocrx_word' id='word_1_52' title='bbox 1731 1033 1893 1099; x_wconf 72' lang='lat' dir='ltr'>deos</span> 
     </span>
    </p>

    <p class='ocr_par' dir='ltr' id='par_1_6' title="bbox 440 1135 1972 1325">
     <span class='ocr_line' id='line_1_10' title="bbox 440 1135 1930 1223; baseline 0.001 -23"><span class='ocrx_word' id='word_1_53' title='bbox 440 1135 588 1223; x_wconf 84' lang='lat' dir='ltr'>Ergo</span> <span class='ocrx_word' id='word_1_54' title='bbox 631 1137 796 1202; x_wconf 85' lang='lat' dir='ltr'>idem</span> <span class='ocrx_word' id='word_1_55' title='bbox 843 1137 1031 1214; x_wconf 78' lang='lat' dir='ltr'>venti,</span> <span class='ocrx_word' id='word_1_56' title='bbox 1079 1157 1157 1202; x_wconf 90' lang='lat' dir='ltr'>ne</span> <span class='ocrx_word' id='word_1_57' title='bbox 1201 1157 1377 1203; x_wconf 87' lang='lat' dir='ltr'>causa</span> <span class='ocrx_word' id='word_1_58' title='bbox 1425 1135 1631 1202; x_wconf 88' lang='lat' dir='ltr'>laedar</span> <span class='ocrx_word' id='word_1_59' title='bbox 1678 1136 1741 1200; x_wconf 91' lang='lat' dir='ltr'>in</span> <span class='ocrx_word' id='word_1_60' title='bbox 1787 1156 1930 1214; x_wconf 91' lang='lat' dir='ltr'>una,</span> 
     </span>
     <span class='ocr_line' id='line_1_11' title="bbox 522 1239 1972 1325; baseline -0.001 -21"><span class='ocrx_word' id='word_1_61' title='bbox 522 1242 780 1325; x_wconf 87' lang='lat' dir='ltr'>velaque</span> <span class='ocrx_word' id='word_1_62' title='bbox 824 1240 1147 1324; x_wconf 81' lang='lat' dir='ltr'>nescioquo</span> <span class='ocrx_word' id='word_1_63' title='bbox 1191 1249 1453 1325; x_wconf 77' lang='lat' dir='ltr'>votaque</span> <span class='ocrx_word' id='word_1_64' title='bbox 1498 1249 1704 1304; x_wconf 83' lang='lat' dir='ltr'>nostra</span> <span class='ocrx_word' id='word_1_65' title='bbox 1750 1239 1972 1304; x_wconf 82' lang='lat' dir='ltr'>ferunt.</span> 
     </span>
    </p>

    <p class='ocr_par' dir='ltr' id='par_1_7' title="bbox 439 1342 2079 1428">
     <span class='ocr_line' id='line_1_12' title="bbox 439 1342 2079 1428; baseline 0.002 -22"><span class='ocrx_word' id='word_1_66' title='bbox 439 1342 531 1407; x_wconf 91' lang='lat' dir='ltr'>Me</span> <span class='ocrx_word' id='word_1_67' title='bbox 576 1343 890 1420; x_wconf 76' lang='lat' dir='ltr'>miserum,</span> <span class='ocrx_word' id='word_1_68' title='bbox 937 1343 1148 1428; x_wconf 84' lang='lat' dir='ltr'>quanti</span> <span class='ocrx_word' id='word_1_69' title='bbox 1194 1352 1434 1407; x_wconf 87' lang='lat' dir='ltr'>montes</span> <span class='ocrx_word' id='word_1_70' title='bbox 1480 1343 1818 1408; x_wconf 82' lang='lat' dir='ltr'>volvuntur</span> <span class='ocrx_word' id='word_1_71' title='bbox 1860 1362 2079 1428; x_wconf 82' lang='lat' dir='ltr'>aquaru</span> 
     </span>
    </p>

    <p class='ocr_par' dir='ltr' id='par_1_8' title="bbox 333 1445 1929 1632">
     <span class='ocr_line' id='line_1_13' title="bbox 363 1445 1886 1531; baseline -0.001 -21"><span class='ocrx_word' id='word_1_72' title='bbox 363 1498 365 1503; x_wconf 28' lang='lat'><strong>⁴</strong></span> <span class='ocrx_word' id='word_1_73' title='bbox 522 1446 647 1511; x_wconf 91' lang='lat' dir='ltr'>iam</span> <span class='ocrx_word' id='word_1_74' title='bbox 690 1446 822 1521; x_wconf 55' lang='lat' dir='ltr'>iam,</span> <span class='ocrx_word' id='word_1_75' title='bbox 857 1456 1119 1511; x_wconf 81' lang='lat' dir='ltr'>tacturos</span> <span class='ocrx_word' id='word_1_76' title='bbox 1163 1445 1362 1510; x_wconf 80' lang='lat' dir='ltr'>sidera</span> <span class='ocrx_word' id='word_1_77' title='bbox 1406 1464 1648 1510; x_wconf 89' lang='lat' dir='ltr'>summa</span> <span class='ocrx_word' id='word_1_78' title='bbox 1692 1455 1886 1531; x_wconf 76' lang='lat' dir='ltr'>putes,</span> 
     </span>
     <span class='ocr_line' id='line_1_14' title="bbox 333 1547 1929 1632; baseline -0.002 -18"><span class='ocrx_word' id='word_1_79' title='bbox 333 1574 346 1614; x_wconf 83' lang='lat'>·.</span> <span class='ocrx_word' id='word_1_80' title='bbox 437 1548 713 1632; x_wconf 88' lang='lat' dir='ltr'>Quantae</span> <span class='ocrx_word' id='word_1_81' title='bbox 755 1548 999 1614; x_wconf 81' lang='lat' dir='ltr'>diducto</span> <span class='ocrx_word' id='word_1_82' title='bbox 1042 1547 1367 1613; x_wconf 82' lang='lat' dir='ltr'>subsidunt</span> <span class='ocrx_word' id='word_1_83' title='bbox 1402 1567 1670 1632; x_wconf 88' lang='lat' dir='ltr'>aequore</span> <span class='ocrx_word' id='word_1_84' title='bbox 1716 1549 1929 1612; x_wconf 86' lang='lat' dir='ltr'>valles!</span> 
     </span>
    </p>

    <p class='ocr_par' dir='ltr' id='par_1_9' title="bbox 525 1649 1874 1735">
     <span class='ocr_line' id='line_1_15' title="bbox 525 1649 1874 1735; baseline -0.001 -20"><span class='ocrx_word' id='word_1_85' title='bbox 525 1652 647 1716; x_wconf 86' lang='lat' dir='ltr'>iam</span> <span class='ocrx_word' id='word_1_86' title='bbox 692 1652 815 1716; x_wconf 86' lang='lat' dir='ltr'>iam</span> <span class='ocrx_word' id='word_1_87' title='bbox 864 1660 1122 1716; x_wconf 83' lang='lat' dir='ltr'>tacturas</span> <span class='ocrx_word' id='word_1_88' title='bbox 1165 1649 1415 1715; x_wconf 82' lang='lat' dir='ltr'>Tartara</span> <span class='ocrx_word' id='word_1_89' title='bbox 1462 1650 1636 1734; x_wconf 83' lang='lat' dir='ltr'>nigra</span> <span class='ocrx_word' id='word_1_90' title='bbox 1680 1659 1874 1735; x_wconf 81' lang='lat' dir='ltr'>putes.</span> 
     </span>
    </p>

    <p class='ocr_par' dir='ltr' id='par_1_10' title="bbox 440 1752 2079 1935">
     <span class='ocr_line' id='line_1_16' title="bbox 440 1752 2079 1840; baseline -0.002 -20"><span class='ocrx_word' id='word_1_91' title='bbox 440 1754 832 1840; x_wconf 87' lang='lat' dir='ltr'>Quocumque</span> <span class='ocrx_word' id='word_1_92' title='bbox 876 1754 1117 1839; x_wconf 81' lang='lat' dir='ltr'>aspicie,</span> <span class='ocrx_word' id='word_1_93' title='bbox 1165 1752 1321 1817; x_wconf 87' lang='lat' dir='ltr'>nihil</span> <span class='ocrx_word' id='word_1_94' title='bbox 1368 1762 1478 1830; x_wconf 88' lang='lat' dir='ltr'>est,</span> <span class='ocrx_word' id='word_1_95' title='bbox 1527 1753 1645 1817; x_wconf 91' lang='lat' dir='ltr'>nisi</span> <span class='ocrx_word' id='word_1_96' title='bbox 1690 1763 1915 1839; x_wconf 86' lang='lat' dir='ltr'>pontus</span> <span class='ocrx_word' id='word_1_97' title='bbox 1958 1763 2018 1817; x_wconf 88' lang='lat' dir='ltr'>et</span> <span class='ocrx_word' id='word_1_98' title='bbox 2060 1775 2079 1817; x_wconf 74' lang='grc' dir='ltr'><em>ε</em></span> 
     </span>
     <span class='ocr_line' id='line_1_17' title="bbox 526 1855 2030 1935; baseline -0.001 -14"><span class='ocrx_word' id='word_1_99' title='bbox 526 1857 807 1923; x_wconf 86' lang='lat' dir='ltr'>fluctibus</span> <span class='ocrx_word' id='word_1_100' title='bbox 853 1856 951 1921; x_wconf 87' lang='lat' dir='ltr'>hic</span> <span class='ocrx_word' id='word_1_101' title='bbox 995 1855 1282 1932; x_wconf 80' lang='lat' dir='ltr'>tumiduS,</span> <span class='ocrx_word' id='word_1_102' title='bbox 1328 1856 1597 1921; x_wconf 86' lang='lat' dir='ltr'>nubibus</span> <span class='ocrx_word' id='word_1_103' title='bbox 1642 1855 1747 1922; x_wconf 87' lang='lat' dir='ltr'>ille</span> <span class='ocrx_word' id='word_1_104' title='bbox 1789 1856 2030 1935; x_wconf 85' lang='lat' dir='ltr'>minax;</span> 
     </span>
    </p>

    <p class='ocr_par' dir='ltr' id='par_1_11' title="bbox 442 1949 2079 2147">
     <span class='ocr_line' id='line_1_18' title="bbox 442 1949 2079 2045; baseline 0 -21"><span class='ocrx_word' id='word_1_105' title='bbox 442 1959 602 2025; x_wconf 82' lang='lat' dir='ltr'>inter</span> <span class='ocrx_word' id='word_1_106' title='bbox 644 1970 975 2045; x_wconf 87' lang='lat' dir='ltr'>utrumque</span> <span class='ocrx_word' id='word_1_107' title='bbox 1018 1949 1289 2025; x_wconf 76' lang='lat' dir='ltr'>fremunt</span> <span class='ocrx_word' id='word_1_108' title='bbox 1335 1960 1591 2024; x_wconf 87' lang='lat' dir='ltr'>immani</span> <span class='ocrx_word' id='word_1_109' title='bbox 1637 1959 1885 2025; x_wconf 88' lang='lat' dir='ltr'>turbine</span> <span class='ocrx_word' id='word_1_110' title='bbox 1929 1963 2079 2024; x_wconf 79' lang='lat' dir='ltr'>vent</span> 
     </span>
     <span class='ocr_line' id='line_1_19' title="bbox 523 2060 1898 2147; baseline -0.001 -20"><span class='ocrx_word' id='word_1_111' title='bbox 523 2063 730 2139; x_wconf 84' lang='lat' dir='ltr'>nescit,</span> <span class='ocrx_word' id='word_1_112' title='bbox 777 2061 869 2127; x_wconf 88' lang='lat' dir='ltr'>cui</span> <span class='ocrx_word' id='word_1_113' title='bbox 916 2061 1166 2126; x_wconf 86' lang='lat' dir='ltr'>domino</span> <span class='ocrx_word' id='word_1_114' title='bbox 1210 2071 1440 2147; x_wconf 78' lang='lat' dir='ltr'>pareat,</span> <span class='ocrx_word' id='word_1_115' title='bbox 1484 2060 1649 2127; x_wconf 87' lang='lat' dir='ltr'>unda</span> <span class='ocrx_word' id='word_1_116' title='bbox 1691 2061 1898 2127; x_wconf 81' lang='lat' dir='ltr'>maris,</span> 
     </span>
    </p>

    <p class='ocr_par' dir='ltr' id='par_1_12' title="bbox 437 2163 2079 2353">
     <span class='ocr_line' id='line_1_20' title="bbox 437 2163 2079 2250; baseline 0 -23"><span class='ocrx_word' id='word_1_117' title='bbox 437 2163 587 2228; x_wconf 87' lang='lat' dir='ltr'>Nam</span> <span class='ocrx_word' id='word_1_118' title='bbox 630 2164 813 2229; x_wconf 88' lang='lat' dir='ltr'>modo</span> <span class='ocrx_word' id='word_1_119' title='bbox 855 2182 1168 2250; x_wconf 84' lang='lat' dir='ltr'>purpureo</span> <span class='ocrx_word' id='word_1_120' title='bbox 1213 2163 1376 2228; x_wconf 88' lang='lat' dir='ltr'>vires</span> <span class='ocrx_word' id='word_1_121' title='bbox 1420 2164 1580 2250; x_wconf 83' lang='lat' dir='ltr'>capit</span> <span class='ocrx_word' id='word_1_122' title='bbox 1623 2184 1808 2229; x_wconf 81' lang='lat' dir='ltr'>eurus</span> <span class='ocrx_word' id='word_1_123' title='bbox 1852 2164 1929 2229; x_wconf 87' lang='lat' dir='ltr'>ab</span> <span class='ocrx_word' id='word_1_124' title='bbox 1973 2174 2079 2229; x_wconf 74' lang='lat' dir='ltr'>orti</span> 
     </span>
     <span class='ocr_line' id='line_1_21' title="bbox 524 2266 2003 2353; baseline -0.001 -21"><span class='ocrx_word' id='word_1_125' title='bbox 524 2287 685 2332; x_wconf 91' lang='lat' dir='ltr'>nunc</span> <span class='ocrx_word' id='word_1_126' title='bbox 720 2266 1024 2353; x_wconf 86' lang='lat' dir='ltr'>zephyrus</span> <span class='ocrx_word' id='word_1_127' title='bbox 1069 2286 1204 2331; x_wconf 88' lang='lat' dir='ltr'>sero</span> <span class='ocrx_word' id='word_1_128' title='bbox 1249 2286 1503 2352; x_wconf 84' lang='lat' dir='ltr'>vespere</span> <span class='ocrx_word' id='word_1_129' title='bbox 1552 2267 1772 2333; x_wconf 89' lang='lat' dir='ltr'>missus</span> <span class='ocrx_word' id='word_1_130' title='bbox 1817 2268 2003 2343; x_wconf 77' lang='lat' dir='ltr'>adesi,</span> 
     </span>
    </p>
   </div>
   <div class='ocr_carea' id='block_1_3' title="bbox 263 2527 2079 2668">
    <p class='ocr_par' dir='ltr' id='par_1_13' title="bbox 263 2527 2079 2668">
     <span class='ocr_line' id='line_1_22' title="bbox 366 2527 2079 2599; baseline 0 -10"><span class='ocrx_word' id='word_1_131' title='bbox 366 2527 436 2589; x_wconf 56' lang='lat'><strong>&#39;‘12.</strong></span> <span class='ocrx_word' id='word_1_132' title='bbox 466 2545 645 2591; x_wconf 55' lang='lat' dir='ltr'>costra</span> <span class='ocrx_word' id='word_1_133' title='bbox 673 2546 791 2599; x_wconf 77' lang='lat' dir='ltr'>quis</span> <span class='ocrx_word' id='word_1_134' title='bbox 819 2546 958 2589; x_wconf 80' lang='lat' dir='ltr'>vetat</span> <span class='ocrx_word' id='word_1_135' title='bbox 987 2547 1034 2588; x_wconf 84' lang='lat' dir='ltr'>et</span> <span class='ocrx_word' id='word_1_136' title='bbox 1062 2544 1170 2594; x_wconf 86' lang='lat' dir='ltr'>(ohe</span> <span class='ocrx_word' id='word_1_137' title='bbox 1199 2544 1310 2587; x_wconf 82' lang='lat' dir='ltr'>vale</span> <span class='ocrx_word' id='word_1_138' title='bbox 1341 2545 1522 2592; x_wconf 83' lang='lat' dir='ltr'>etiam)</span> <span class='ocrx_word' id='word_1_139' title='bbox 1553 2544 1774 2599; x_wconf 77' lang='lat' dir='ltr'>aliquod</span> <span class='ocrx_word' id='word_1_140' title='bbox 1800 2557 1997 2589; x_wconf 80' lang='lat' dir='ltr'>numen</span> <span class='ocrx_word' id='word_1_141' title='bbox 2034 2557 2079 2589; x_wconf 72' lang='lat' dir='ltr'>a«</span> 
     </span>
     <span class='ocr_line' id='line_1_23' title="bbox 263 2612 1352 2668; baseline -0.002 -9"><span class='ocrx_word' id='word_1_142' title='bbox 263 2639 315 2646; x_wconf 94' lang='lat'>—-</span> <span class='ocrx_word' id='word_1_143' title='bbox 346 2616 522 2659; x_wconf 82' lang='lat' dir='ltr'>irato</span> <span class='ocrx_word' id='word_1_144' title='bbox 559 2614 683 2667; x_wconf 82' lang='lat' dir='ltr'>deo,</span> <span class='ocrx_word' id='word_1_145' title='bbox 718 2613 823 2658; x_wconf 85' lang='lat' dir='ltr'>soil.</span> <span class='ocrx_word' id='word_1_146' title='bbox 849 2615 1104 2668; x_wconf 64' lang='lat' dir='ltr'>Augusto,</span> <span class='ocrx_word' id='word_1_147' title='bbox 1130 2612 1228 2659; x_wconf 78' lang='lat' dir='ltr'>abl.</span> <span class='ocrx_word' id='word_1_148' title='bbox 1256 2627 1352 2658; x_wconf 83' lang='lat' dir='ltr'>ass.</span> 
     </span>
    </p>
   </div>
   <div class='ocr_carea' id='block_1_4' title="bbox 263 2694 2079 2818">
    <p class='ocr_par' dir='ltr' id='par_1_14' title="bbox 263 2694 2079 2818">
     <span class='ocr_line' id='line_1_24' title="bbox 371 2694 2079 2749; baseline 0 -10"><span class='ocrx_word' id='word_1_149' title='bbox 371 2698 439 2739; x_wconf 81' lang='lat'>14.</span> <span class='ocrx_word' id='word_1_150' title='bbox 466 2694 638 2740; x_wconf 72' lang='lat' dir='ltr'>Costm</span> <span class='ocrx_word' id='word_1_151' title='bbox 664 2706 853 2749; x_wconf 72' lang='lat' dir='ltr'>aravos</span> <span class='ocrx_word' id='word_1_152' title='bbox 880 2707 1050 2748; x_wconf 79' lang='lat' dir='ltr'>aquae</span> <span class='ocrx_word' id='word_1_153' title='bbox 1075 2697 1338 2749; x_wconf 61' lang='lat' dir='ltr'>sparnum</span> <span class='ocrx_word' id='word_1_154' title='bbox 1366 2694 1489 2748; x_wconf 76' lang='lat' dir='ltr'>ipsa</span> <span class='ocrx_word' id='word_1_155' title='bbox 1516 2707 1613 2739; x_wconf 85' lang='lat' dir='ltr'>ora</span> <span class='ocrx_word' id='word_1_156' title='bbox 1641 2694 1917 2749; x_wconf 76' lang='lat' dir='ltr'>loquentis,</span> <span class='ocrx_word' id='word_1_157' title='bbox 1934 2694 2041 2739; x_wconf 74' lang='lat' dir='ltr'>cioe</span> <span class='ocrx_word' id='word_1_158' title='bbox 2057 2709 2079 2739; x_wconf 80' lang='lat' dir='ltr'>a</span> 
     </span>
     <span class='ocr_line' id='line_1_25' title="bbox 263 2764 1355 2818; baseline -0.004 -7"><span class='ocrx_word' id='word_1_159' title='bbox 263 2767 367 2811; x_wconf 81' lang='lat' dir='ltr'>alla.</span> <span class='ocrx_word' id='word_1_160' title='bbox 394 2764 550 2810; x_wconf 78' lang='lat' dir='ltr'>bocca</span> <span class='ocrx_word' id='word_1_161' title='bbox 580 2778 607 2809; x_wconf 85' lang='lat' dir='ltr'>e</span> <span class='ocrx_word' id='word_1_162' title='bbox 635 2764 1034 2818; x_wconf 81' lang='lat' dir='ltr'>m’impedisoono</span> <span class='ocrx_word' id='word_1_163' title='bbox 1064 2764 1111 2808; x_wconf 85' lang='lat' dir='ltr'>di</span> <span class='ocrx_word' id='word_1_164' title='bbox 1142 2764 1355 2818; x_wconf 72' lang='lat' dir='ltr'>pai-lare.</span> 
     </span>
    </p>
   </div>
   <div class='ocr_carea' id='block_1_5' title="bbox 262 2843 2079 3291">
    <p class='ocr_par' dir='ltr' id='par_1_15' title="bbox 375 2843 1328 2898">
     <span class='ocr_line' id='line_1_26' title="bbox 375 2843 1328 2898; baseline -0.004 -10"><span class='ocrx_word' id='word_1_165' title='bbox 375 2847 440 2888; x_wconf 88' lang='lat'>15.</span> <span class='ocrx_word' id='word_1_166' title='bbox 475 2844 695 2897; x_wconf 79' lang='lat' dir='ltr'>iactat,</span> <span class='ocrx_word' id='word_1_167' title='bbox 735 2857 759 2887; x_wconf 90' lang='lat'>‹</span> <span class='ocrx_word' id='word_1_168' title='bbox 781 2856 975 2898; x_wconf 80' lang='lat' dir='ltr'>spazza,</span> <span class='ocrx_word' id='word_1_169' title='bbox 1004 2843 1258 2888; x_wconf 79' lang='lat' dir='ltr'>allontana</span> <span class='ocrx_word' id='word_1_170' title='bbox 1286 2854 1328 2884; x_wconf 91' lang='lat'>&gt;.</span> 
     </span>
    </p>

    <p class='ocr_par' dir='ltr' id='par_1_16' title="bbox 374 2922 1062 2977">
     <span class='ocr_line' id='line_1_27' title="bbox 374 2922 1062 2977; baseline 0.001 -10"><span class='ocrx_word' id='word_1_171' title='bbox 374 2926 441 2968; x_wconf 83' lang='grc'><strong>17.</strong></span> <span class='ocrx_word' id='word_1_172' title='bbox 469 2935 684 2977; x_wconf 77' lang='lat' dir='ltr'>causa,</span> <span class='ocrx_word' id='word_1_173' title='bbox 722 2936 744 2966; x_wconf 88' lang='lat'><strong>‹</strong></span> <span class='ocrx_word' id='word_1_174' title='bbox 775 2922 989 2968; x_wconf 73' lang='lat' dir='ltr'>inaniora</span> <span class='ocrx_word' id='word_1_175' title='bbox 1023 2934 1062 2968; x_wconf 92' lang='lat'>›.</span> 
     </span>
    </p>

    <p class='ocr_par' dir='ltr' id='par_1_17' title="bbox 262 3002 2079 3132">
     <span class='ocr_line' id='line_1_28' title="bbox 374 3002 2079 3057; baseline 0.002 -11"><span class='ocrx_word' id='word_1_176' title='bbox 374 3005 440 3047; x_wconf 90' lang='lat'>18.</span> <span class='ocrx_word' id='word_1_177' title='bbox 466 3002 807 3056; x_wconf 79' lang='lat' dir='ltr'>velaque...</span> <span class='ocrx_word' id='word_1_178' title='bbox 841 3005 1139 3057; x_wconf 78' lang='lat' dir='ltr'>votaque,</span> <span class='ocrx_word' id='word_1_179' title='bbox 1175 3016 1197 3046; x_wconf 89' lang='lat'><strong>‹</strong></span> <span class='ocrx_word' id='word_1_180' title='bbox 1225 3017 1324 3049; x_wconf 88' lang='lat' dir='ltr'>non</span> <span class='ocrx_word' id='word_1_181' title='bbox 1354 3004 1460 3048; x_wconf 86' lang='lat' dir='ltr'>solo</span> <span class='ocrx_word' id='word_1_182' title='bbox 1489 3004 1538 3047; x_wconf 82' lang='lat' dir='ltr'>la</span> <span class='ocrx_word' id='word_1_183' title='bbox 1568 3003 1666 3047; x_wconf 82' lang='lat' dir='ltr'>mia</span> <span class='ocrx_word' id='word_1_184' title='bbox 1695 3002 1921 3051; x_wconf 78' lang='lat' dir='ltr'>barca...</span> <span class='ocrx_word' id='word_1_185' title='bbox 1956 3017 2036 3049; x_wconf 83' lang='lat' dir='ltr'>ma</span> <span class='ocrx_word' id='word_1_186' title='bbox 2062 3019 2079 3049; x_wconf 76' lang='grc' dir='ltr'><strong>ε</strong></span> 
     </span>
     <span class='ocr_line' id='line_1_29' title="bbox 262 3077 1538 3132; baseline 0 -11"><span class='ocrx_word' id='word_1_187' title='bbox 262 3077 530 3131; x_wconf 75' lang='lat' dir='ltr'>preghiete</span> <span class='ocrx_word' id='word_1_188' title='bbox 558 3088 596 3120; x_wconf 91' lang='lat'>›.</span> <span class='ocrx_word' id='word_1_189' title='bbox 624 3100 678 3107; x_wconf 91' lang='lat'><strong>—</strong></span> <span class='ocrx_word' id='word_1_190' title='bbox 718 3077 1077 3132; x_wconf 68' lang='lat' dir='ltr'>nescioquo,</span> <span class='ocrx_word' id='word_1_191' title='bbox 1117 3090 1226 3122; x_wconf 79' lang='lat' dir='ltr'>avv.</span> <span class='ocrx_word' id='word_1_192' title='bbox 1255 3077 1303 3122; x_wconf 90' lang='lat' dir='ltr'>di</span> <span class='ocrx_word' id='word_1_193' title='bbox 1343 3077 1506 3130; x_wconf 73' lang='lat' dir='ltr'>luogo.</span> <span class='ocrx_word' id='word_1_194' title='bbox 1531 3077 1538 3083; x_wconf 80' lang='grc'><strong>’</strong></span> 
     </span>
    </p>

    <p class='ocr_par' dir='ltr' id='par_1_18' title="bbox 371 3155 2079 3212">
     <span class='ocr_line' id='line_1_30' title="bbox 371 3155 2079 3212; baseline 0.001 -11"><span class='ocrx_word' id='word_1_195' title='bbox 371 3159 436 3201; x_wconf 88' lang='grc'>19.</span> <span class='ocrx_word' id='word_1_196' title='bbox 465 3158 723 3212; x_wconf 78' lang='lat' dir='ltr'>quanti,</span> <span class='ocrx_word' id='word_1_197' title='bbox 766 3170 790 3200; x_wconf 90' lang='lat'>‹</span> <span class='ocrx_word' id='word_1_198' title='bbox 820 3155 910 3201; x_wconf 87' lang='lat' dir='ltr'>ohe</span> <span class='ocrx_word' id='word_1_199' title='bbox 939 3156 1115 3209; x_wconf 73' lang='lat' dir='ltr'>grandi</span> <span class='ocrx_word' id='word_1_200' title='bbox 1145 3167 1197 3212; x_wconf 86' lang='lat'>›;</span> <span class='ocrx_word' id='word_1_201' title='bbox 1223 3157 1527 3211; x_wconf 76' lang='lat' dir='ltr'>volvuntur,</span> <span class='ocrx_word' id='word_1_202' title='bbox 1550 3167 1574 3199; x_wconf 83' lang='grc'><strong>&lt;</strong></span> <span class='ocrx_word' id='word_1_203' title='bbox 1607 3155 1872 3201; x_wconf 81' lang='lat' dir='ltr'>s’inalzano</span> <span class='ocrx_word' id='word_1_204' title='bbox 1901 3170 1993 3211; x_wconf 83' lang='lat' dir='ltr'>per</span> <span class='ocrx_word' id='word_1_205' title='bbox 2023 3161 2079 3203; x_wconf 72' lang='lat' dir='ltr'>tri</span> 
     </span>
    </p>

    <p class='ocr_par' dir='ltr' id='par_1_19' title="bbox 369 3235 1616 3291">
     <span class='ocr_line' id='line_1_31' title="bbox 369 3235 1616 3291; baseline 0 -11"><span class='ocrx_word' id='word_1_206' title='bbox 369 3238 436 3281; x_wconf 86' lang='grc'>20.</span> <span class='ocrx_word' id='word_1_207' title='bbox 467 3239 786 3289; x_wconf 74' lang='lat' dir='ltr'>tacturos,</span> <span class='ocrx_word' id='word_1_208' title='bbox 827 3235 932 3281; x_wconf 84' lang='lat' dir='ltr'>scil.</span> <span class='ocrx_word' id='word_1_209' title='bbox 958 3239 1160 3281; x_wconf 79' lang='lat' dir='ltr'>montes</span> <span class='ocrx_word' id='word_1_210' title='bbox 1189 3248 1461 3291; x_wconf 76' lang='lat' dir='ltr'>aquarum</span> <span class='ocrx_word' id='word_1_211' title='bbox 1492 3249 1616 3281; x_wconf 78' lang='lat' dir='ltr'>esse.</span> 
     </span>
    </p>
   </div>
   <div class='ocr_carea' id='block_1_6' title="bbox 259 3313 2079 3434">
    <p class='ocr_par' dir='ltr' id='par_1_20' title="bbox 259 3313 2079 3434">
     <span class='ocr_line' id='line_1_32' title="bbox 368 3313 2079 3369; baseline 0.001 -11"><span class='ocrx_word' id='word_1_212' title='bbox 368 3316 439 3359; x_wconf 85' lang='lat'>21.</span> <span class='ocrx_word' id='word_1_213' title='bbox 467 3314 754 3358; x_wconf 79' lang='lat' dir='ltr'>diducto:</span> <span class='ocrx_word' id='word_1_214' title='bbox 785 3313 818 3357; x_wconf 91' lang='lat' dir='ltr'>il</span> <span class='ocrx_word' id='word_1_215' title='bbox 849 3327 984 3358; x_wconf 81' lang='lat' dir='ltr'>mare</span> <span class='ocrx_word' id='word_1_216' title='bbox 1015 3314 1396 3368; x_wconf 78' lang='lat' dir='ltr'>spalancandosi</span> <span class='ocrx_word' id='word_1_217' title='bbox 1427 3314 1586 3359; x_wconf 80' lang='lat' dir='ltr'>lascia</span> <span class='ocrx_word' id='word_1_218' title='bbox 1614 3314 1796 3359; x_wconf 81' lang='lat' dir='ltr'>vedere</span> <span class='ocrx_word' id='word_1_219' title='bbox 1826 3314 1843 3358; x_wconf 91' lang='lat' dir='ltr'>i</span> <span class='ocrx_word' id='word_1_220' title='bbox 1871 3315 1977 3359; x_wconf 85' lang='lat' dir='ltr'>suoi</span> <span class='ocrx_word' id='word_1_221' title='bbox 2006 3330 2079 3369; x_wconf 80' lang='lat' dir='ltr'>pr&lt;</span> 
     </span>
     <span class='ocr_line' id='line_1_33' title="bbox 259 3385 483 3434; baseline -0.004 -5"><span class='ocrx_word' id='word_1_222' title='bbox 259 3385 483 3434; x_wconf 74' lang='lat' dir='ltr'>(valles).</span> 
     </span>
    </p>
   </div>
   <div class='ocr_carea' id='block_1_7' title="bbox 370 3463 1201 3597">
    <p class='ocr_par' dir='ltr' id='par_1_21' title="bbox 370 3463 1201 3597">
     <span class='ocr_line' id='line_1_34' title="bbox 370 3463 1156 3516; baseline 0.001 -9"><span class='ocrx_word' id='word_1_223' title='bbox 370 3465 438 3507; x_wconf 83' lang='grc'>22.</span> <span class='ocrx_word' id='word_1_224' title='bbox 469 3466 798 3516; x_wconf 77' lang='lat' dir='ltr'>tacturas,</span> <span class='ocrx_word' id='word_1_225' title='bbox 842 3463 946 3509; x_wconf 85' lang='lat' dir='ltr'>soil.</span> <span class='ocrx_word' id='word_1_226' title='bbox 974 3464 1156 3508; x_wconf 72' lang='lat' dir='ltr'>valles.</span> 
     </span>
     <span class='ocr_line' id='line_1_35' title="bbox 370 3542 1201 3597; baseline 0.001 -11"><span class='ocrx_word' id='word_1_227' title='bbox 370 3545 440 3587; x_wconf 82' lang='lat'>24.</span> <span class='ocrx_word' id='word_1_228' title='bbox 465 3543 568 3587; x_wconf 80' lang='lat' dir='ltr'>hic</span> <span class='ocrx_word' id='word_1_229' title='bbox 584 3576 589 3580; x_wconf 83' lang='lat'><strong>.</strong></span> <span class='ocrx_word' id='word_1_230' title='bbox 608 3542 653 3588; x_wconf 77' lang='lat' dir='ltr'>si</span> <span class='ocrx_word' id='word_1_231' title='bbox 682 3542 905 3588; x_wconf 76' lang='lat' dir='ltr'>rIferisee</span> <span class='ocrx_word' id='word_1_232' title='bbox 936 3557 967 3587; x_wconf 82' lang='lat' dir='ltr'>a</span> <span class='ocrx_word' id='word_1_233' title='bbox 986 3546 1201 3597; x_wconf 77' lang='lat' dir='ltr'>pontus.</span> 
     </span>
    </p>
   </div>
   <div class='ocr_carea' id='block_1_8' title="bbox 260 3622 2079 3746">
    <p class='ocr_par' dir='ltr' id='par_1_22' title="bbox 260 3622 2079 3746">
     <span class='ocr_line' id='line_1_36' title="bbox 371 3622 2079 3679; baseline 0.002 -14"><span class='ocrx_word' id='word_1_234' title='bbox 371 3623 439 3665; x_wconf 81' lang='lat'>27.</span> <span class='ocrx_word' id='word_1_235' title='bbox 460 3634 796 3677; x_wconf 77' lang='lat' dir='ltr'>purpureo</span> <span class='ocrx_word' id='word_1_236' title='bbox 839 3622 915 3667; x_wconf 82' lang='lat' dir='ltr'>ab</span> <span class='ocrx_word' id='word_1_237' title='bbox 956 3626 1134 3676; x_wconf 81' lang='lat' dir='ltr'>ortu;</span> <span class='ocrx_word' id='word_1_238' title='bbox 1164 3622 1190 3667; x_wconf 77' lang='grc' dir='ltr'>ὸ</span> <span class='ocrx_word' id='word_1_239' title='bbox 1220 3623 1324 3668; x_wconf 77' lang='lat' dir='ltr'>coel</span> <span class='ocrx_word' id='word_1_240' title='bbox 1342 3622 1480 3668; x_wconf 84' lang='lat' dir='ltr'>detto</span> <span class='ocrx_word' id='word_1_241' title='bbox 1502 3623 1726 3669; x_wconf 83' lang='lat' dir='ltr'>l&#39;oriente</span> <span class='ocrx_word' id='word_1_242' title='bbox 1746 3624 1828 3668; x_wconf 82' lang='lat' dir='ltr'>dal</span> <span class='ocrx_word' id='word_1_243' title='bbox 1848 3626 2012 3670; x_wconf 86' lang='lat' dir='ltr'>colore</span> <span class='ocrx_word' id='word_1_244' title='bbox 2032 3640 2079 3679; x_wconf 74' lang='lat' dir='ltr'>p&lt;</span> 
     </span>
     <span class='ocr_line' id='line_1_37' title="bbox 260 3691 1442 3746; baseline 0.003 -12"><span class='ocrx_word' id='word_1_245' title='bbox 260 3691 424 3746; x_wconf 73' lang='lat' dir='ltr'>piglia</span> <span class='ocrx_word' id='word_1_246' title='bbox 443 3691 519 3736; x_wconf 82' lang='lat' dir='ltr'>sul</span> <span class='ocrx_word' id='word_1_247' title='bbox 550 3691 655 3736; x_wconf 82' lang='lat' dir='ltr'>fare</span> <span class='ocrx_word' id='word_1_248' title='bbox 685 3691 765 3735; x_wconf 89' lang='lat' dir='ltr'>del</span> <span class='ocrx_word' id='word_1_249' title='bbox 794 3692 966 3745; x_wconf 82' lang='lat' dir='ltr'>giorno</span> <span class='ocrx_word' id='word_1_250' title='bbox 996 3692 1045 3736; x_wconf 83' lang='lat' dir='ltr'>la</span> <span class='ocrx_word' id='word_1_251' title='bbox 1073 3694 1183 3737; x_wconf 87' lang='lat' dir='ltr'>luce</span> <span class='ocrx_word' id='word_1_252' title='bbox 1212 3692 1292 3737; x_wconf 90' lang='lat' dir='ltr'>del</span> <span class='ocrx_word' id='word_1_253' title='bbox 1323 3694 1442 3737; x_wconf 87' lang='lat' dir='ltr'>sole.</span> 
     </span>
    </p>
   </div>
   <div class='ocr_carea' id='block_1_9' title="bbox 260 3768 2073 3963">
    <p class='ocr_par' dir='ltr' id='par_1_23' title="bbox 260 3768 2073 3963">
     <span class='ocr_line' id='line_1_38' title="bbox 371 3768 2065 3826; baseline 0.002 -12"><span class='ocrx_word' id='word_1_254' title='bbox 371 3772 439 3816; x_wconf 87' lang='grc'>28.</span> <span class='ocrx_word' id='word_1_255' title='bbox 467 3771 818 3826; x_wconf 73' lang='lat' dir='ltr'>zephyrus,</span> <span class='ocrx_word' id='word_1_256' title='bbox 859 3768 948 3815; x_wconf 86' lang='lat' dir='ltr'>che</span> <span class='ocrx_word' id='word_1_257' title='bbox 977 3770 1115 3815; x_wconf 80' lang='lat' dir='ltr'>soffia</span> <span class='ocrx_word' id='word_1_258' title='bbox 1145 3770 1208 3815; x_wconf 83' lang='lat' dir='ltr'>da</span> <span class='ocrx_word' id='word_1_259' title='bbox 1237 3771 1494 3816; x_wconf 79' lang='lat' dir='ltr'>occidente</span> <span class='ocrx_word' id='word_1_260' title='bbox 1525 3771 1585 3817; x_wconf 87' lang='lat' dir='ltr'>ed</span> <span class='ocrx_word' id='word_1_261' title='bbox 1617 3772 1643 3816; x_wconf 78' lang='grc' dir='ltr'><strong>ὸ</strong></span> <span class='ocrx_word' id='word_1_262' title='bbox 1664 3772 1836 3825; x_wconf 86' lang='lat' dir='ltr'>quindi</span> <span class='ocrx_word' id='word_1_263' title='bbox 1864 3773 1914 3817; x_wconf 86' lang='lat' dir='ltr'>in</span> <span class='ocrx_word' id='word_1_264' title='bbox 1942 3774 2065 3817; x_wconf 79' lang='lat' dir='ltr'>lotta</span> 
     </span>
     <span class='ocr_line' id='line_1_39' title="bbox 260 3840 2073 3897; baseline 0.001 -13"><span class='ocrx_word' id='word_1_265' title='bbox 260 3852 407 3885; x_wconf 68' lang='lat' dir='ltr'>cero</span> <span class='ocrx_word' id='word_1_266' title='bbox 449 3842 476 3884; x_wconf 80' lang='grc' dir='ltr'>ὸ</span> <span class='ocrx_word' id='word_1_267' title='bbox 506 3840 743 3893; x_wconf 73' lang='lat' dir='ltr'>aggiunto</span> <span class='ocrx_word' id='word_1_268' title='bbox 769 3854 862 3894; x_wconf 86' lang='lat' dir='ltr'>per</span> <span class='ocrx_word' id='word_1_269' title='bbox 889 3840 1109 3885; x_wconf 76' lang='lat' dir='ltr'>indicare</span> <span class='ocrx_word' id='word_1_270' title='bbox 1139 3841 1189 3885; x_wconf 77' lang='lat' dir='ltr'>la</span> <span class='ocrx_word' id='word_1_271' title='bbox 1217 3841 1467 3887; x_wconf 79' lang='lat' dir='ltr'>direzione</span> <span class='ocrx_word' id='word_1_272' title='bbox 1498 3842 1587 3886; x_wconf 86' lang='lat' dir='ltr'>che</span> <span class='ocrx_word' id='word_1_273' title='bbox 1615 3841 1804 3897; x_wconf 84' lang='lat' dir='ltr'>prende</span> <span class='ocrx_word' id='word_1_274' title='bbox 1834 3842 1868 3886; x_wconf 90' lang='lat' dir='ltr'>il</span> <span class='ocrx_word' id='word_1_275' title='bbox 1896 3843 1999 3887; x_wconf 81' lang='lat' dir='ltr'>sole</span> <span class='ocrx_word' id='word_1_276' title='bbox 2028 3842 2073 3887; x_wconf 79' lang='lat' dir='ltr'>al</span> 
     </span>
     <span class='ocr_line' id='line_1_40' title="bbox 264 3911 877 3963; baseline 0.003 -9"><span class='ocrx_word' id='word_1_277' title='bbox 264 3921 356 3954; x_wconf 81' lang='lat' dir='ltr'>suo</span> <span class='ocrx_word' id='word_1_278' title='bbox 386 3922 528 3955; x_wconf 80' lang='lat' dir='ltr'>corso</span> <span class='ocrx_word' id='word_1_279' title='bbox 563 3911 877 3963; x_wconf 76' lang='lat' dir='ltr'>giornaliero.</span> 
     </span>
    </p>
   </div>
   <div class='ocr_carea' id='block_1_10' title="bbox 372 4080 1402 4136">
    <p class='ocr_par' dir='ltr' id='par_1_24' title="bbox 372 4080 1402 4136">
     <span class='ocr_line' id='line_1_41' title="bbox 372 4080 1402 4136; baseline 0 -11"><span class='ocrx_word' id='word_1_280' title='bbox 372 4083 399 4125; x_wconf 91' lang='grc'><strong>2</strong></span> <span class='ocrx_word' id='word_1_281' title='bbox 494 4081 551 4126; x_wconf 92' lang='grc' dir='ltr'>Ο.</span> <span class='ocrx_word' id='word_1_282' title='bbox 580 4082 817 4136; x_wconf 72' lang='lat' dir='ltr'>NAsoms,</span> <span class='ocrx_word' id='word_1_283' title='bbox 853 4080 1113 4127; x_wconf 78' lang='lat' dir='ltr'>Tristium</span> <span class='ocrx_word' id='word_1_284' title='bbox 1141 4081 1402 4135; x_wconf 84' lang='lat' dir='ltr'>(Cocchia).</span> 
     </span>
    </p>
   </div>
  </div>
 </body>
</html>
