2840 4464
404 184 504 239 112
1321 202 1618 244 ‘rms'rmu

567 306 684 373 Nec
727 309 983 386 caelum,
1028 328 1141 375 nec
1184 329 1377 394 aquae
1419 307 1663 387 faciunt,
1711 328 1821 376 nec
1864 319 2048 389 terra,
2079 329 2191 376 nec
2235 330 2457 377 aurae:

653 411 709 477 ei
754 411 932 489 mihi,
976 423 1312 498 perpetuus
1355 432 1608 498 corpora
1651 414 1910 499 languor
1954 413 2159 479 habet!

569 511 690 580 Seu
732 514 954 580 vitiant
996 525 1163 581 artus
1206 535 1424 601 aegrae
1466 516 1740 602 contagia
1784 516 2028 593 mentiS‚
2464 517 2567 580 ‘25

652 615 781 682 sive
824 617 946 682 mei
993 617 1170 683 causa'
1214 628 1302 682 est
1349 617 1414 682 in
1461 617 1709 703 regione
1753 618 1922 695 mali,

565 728 634 785 ut
679 718 842 805 tetigi
891 719 1171 798 Pontum,
1217 730 1445 786 vexant
1489 720 1812 797 insomnia,
1860 720 2085 805 vixque

649 842 781 887 ossa
818 822 964 909 tegit
1006 822 1230 888 macies
1274 842 1386 888 nec
1429 822 1599 889 iuvat
1640 842 1746 888 ora
1790 822 1980 888 cibus,

562 923 803 1009 Quique
844 944 960 1010 per
1001 935 1368 991 autumnum
1411 925 1713 1010 percussis
1758 925 1983 1011 frigore
2024 925 2227 1010 primo

647 1036 738 1091 est
780 1028 947 1093 color
988 1028 1054 1092 in
1101 1028 1279 1106 foliis,
1325 1048 1484 1113 quae
1527 1046 1686 1093 nova
1731 1028 1905 1093 laesit
1950 1027 2166 1105 hiemS,
2457 1029 2557 1094 30

562 1128 613 1192 is
655 1148 793 1194 mea
837 1129 1118 1195 membra
1162 1139 1347 1207 tenet,
1394 1150 1507 1196 nec
1553 1130 1788 1195 viribus
1831 1129 2083 1195 adlevor
2126 1130 2288 1208 ullis,

646 1242 706 1296 et
751 1250 1090 1318 numquam
1128 1233 1366 1318 queruli
1415 1253 1593 1299 causa
1637 1232 1866 1299 doloris
1908 1233 2096 1299 abest.

559 1332 677 1399 Nec
704 1335 925 1401 melius
955 1337 1148 1412 valeo,
1181 1356 1367 1421 quam
1397 1356 1671 1421 corpore,
1704 1345 1939 1416 mente3
1970 1336 2077 1401 sed
2106 1355 2285 1422 aegra
2321 1345 2415 1401 est

645 1437 903 1523 utraque
946 1458 1090 1523 pars
1132 1459 1342 1524 aeque,
1389 1439 1656 1524 binaque
1701 1438 1925 1504 damna
1971 1438 2116 1504 fero.

558 1537 775 1605 Haeret
817 1549 878 1605 et
923 1551 1065 1606 ante
1107 1543 1329 1618 ocuIOS,
1376 1542 1567 1607 veluti
1615 1540 1943 1626 spectabile
1984 1560 2222 1625 corpuS‚
2453 1540 2548 1607 35

640 1642 836 1707 adstat
880 1642 1160 1708 fortunae
1205 1643 1400 1709 forma
1446 1643 1702 1729 legenda
1747 1663 1953 1708 meae}

557 1764 817 1830 cumque
845 1747 1046 1810 locum
1076 1765 1400 1831 moresque
1434 1745 1757 1811 hominum
1786 1746 2102 1831 cultusque
2131 1763 2480 1830 sonumque

642 1847 969 1926 cernimuS,
1015 1857 1076 1912 et
1119 1848 1222 1932 qui
1271 1848 1388 1912 sim
1436 1849 1539 1933 qui
1586 1847 1932 1933 fuerimque
1975 1846 2156 1924 subit,

557 1959 760 2015 tantus
803 1969 977 2015 amor
1020 1950 1184 2015 necis
1228 1960 1336 2027 est,
1377 1970 1601 2036 querar
1645 1959 1714 2017 ut
1755 1969 1893 2016 cum
1939 1948 2208 2014 Caesaris
2252 1946 2363 2027 ira,

644 2051 806 2137 quod
850 2072 973 2116 non
1019 2051 1276 2117 offensas
1321 2051 1595 2118 vindicet
1638 2072 1785 2118 ense
1829 2072 1984 2117 suas.
2445 2050 2542 2117 40

553 2154 625 2218 At
655 2154 948 2240 quoniam
992 2156 1179 2220 semel
1226 2165 1316 2220 est
1359 2155 1499 2220 odio
1543 2155 1805 2220 civiliter
1848 2175 2013 2231 usuS,

637 2266 871 2322 mutato
917 2258 1113 2323 levior
1154 2259 1232 2323 sit
1277 2258 1417 2344 fuga
1463 2268 1669 2323 nostra
1711 2259 1859 2323 loco.

488 2540 557 2583 23.
581 2538 848 2592 faciunt
864 2571 877 2592 ‚
916 2537 1050 2583 ossia
1074 2540 1316 2592 prosunt,
1341 2537 1666 2581 conveniunt.

487 2611 555 2653 24.
584 2610 651 2664 ei,
679 2609 758 2653 ool
788 2608 964 2662 Guelf„
991 2621 1083 2661 per
1113 2612 1160 2652 et
1189 2607 1270 2651 del
1298 2607 1402 2652 Pal.
1432 2621 1459 2651 e
1489 2606 1569 2652 del
1598 2606 1709 2651 Vat.

489 2682 558 2723 26.
587 2680 709 2724 mei
746 2679 992 2724 concorda
1020 2691 1112 2724 con
1139 2679 1286 2732 mali,
1315 2691 1341 2723 e
1371 2677 1586 2732 dipende
1616 2677 1680 2721 da
1707 2690 1886 2722 causa.

485 2753 554 2795 28.
582 2762 731 2795 ossa
760 2751 918 2804 teuit
946 2750 1204 2803 macies,
1230 2749 1342 2793 vale
1373 2761 1495 2793 ossa
1514 2761 1654 2803 prae
1681 2748 1848 2792 macie
1874 2747 1960 2791 via:
1987 2746 2480 2802 tomentum—iuva
2493 2752 2533 2802 t,

383 2821 490 2866 oioe
517 2824 706 2876 aratus
734 2824 824 2866 eet.

483 2894 551 2936 29.
572 2904 721 2947 per,
749 2903 774 2935 ‹
802 2891 931 2936 sulla
958 2890 1054 2935 fine
1083 2890 1242 2938 dell'..
1259 2924 1270 2937 .
1306 2900 1346 2931 ›.
1371 2913 1426 2922 --
1453 2902 1641 2943 nova,
1669 2902 1693 2934 ‹
1722 2888 1756 2933 il
1783 2887 2048 2943 principio,
2072 2887 2402 2933 l’avvicinarsi
2431 2899 2470 2932 >.

484 2965 552 3007 35.
581 2962 959 3017 spectabile,
988 2974 1012 3005 ‹
1040 2959 1314 3014 palpabile,
1341 2960 1478 3004 reale
1507 2969 1546 3003 ›.

483 3036 552 3077 36.
580 3033 865 3088 legenda,
893 3046 917 3077 ‹
934 3031 1024 3077 che
1055 3033 1082 3077 ὸ
1111 3032 1275 3084 dogna
1293 3030 1344 3075 di
1363 3043 1500 3076 esser
1518 3030 1768 3076 ricordata
1788 3044 1814 3074 e
1835 3029 1886 3074 di
1903 3043 2111 3085 passare
2131 3029 2180 3073 in
2198 3029 2462 3083 proverbio
2483 3041 2528 3075 ›.

484 3105 552 3147 37.
580 3115 830 3157 sonum,
859 3115 883 3147 ‹
911 3102 945 3146 il
974 3100 1264 3155 linguaggio
1294 3112 1317 3142 >
1347 3101 1429 3146 dei
1458 3100 1584 3145 Geti.

481 3176 550 3219 38.
577 3174 756 3229 qui...
793 3173 930 3228 qui.
958 3173 1034 3218 col
1055 3173 1126 3228 G„
1143 3172 1197 3217 P.
1221 3185 1247 3216 e
1267 3174 1338 3226 V.,
1354 3185 1448 3227 per
1476 3173 1621 3226 quid.
1638 3206 1675 3218 ..
1711 3172 1841 3226 quid
1869 3171 2000 3225 degli
2032 3170 2148 3216 altri
2177 3170 2318 3216 codd.
2343 3184 2370 3215 e
2390 3170 2522 3215 delle

378 3244 576 3289 antiche
606 3243 832 3289 edizioni.

480 3318 552 3360 41.
581 3314 738 3360 civil
746 3315 913 3359 item.
931 3314 1250 3360 trattandomi
1280 3314 1344 3358 da
1372 3313 1628 3368 cittadino,
1646 3312 2008 3366 risparmiando
2039 3312 2073 3357 il
2094 3312 2190 3357 mio
2211 3325 2337 3367 capo
2358 3326 2386 3356 e
2405 3325 2521 3358 con·

373 3384 655 3431 tentandosi
686 3384 767 3430 del
796 3385 893 3430 mio
924 3384 1065 3430 esilio
1095 3385 1287 3440 (fuya).
