2840 4464
1152 302 1342 346 mnan
1381 305 1438 357 v,
1473 289 1523 345 6.

1286 629 1377 694 Vl.

432 810 524 883 Tu
568 837 828 902 quoque,
876 826 1225 882 nostrarum
1272 817 1580 902 quondam
1628 816 1847 883 fiducia
1892 838 1907 881 l

518 920 622 1004 qui
668 919 823 984 mihi
870 919 1238 1007 confugium,
1287 919 1390 1004 qui
1437 918 1593 984 mihi
1639 930 1852 1005 portus
1896 942 1907 983 ι

435 1031 501 1088 tu
544 1042 786 1107 quoque
830 1021 1090 1108 suscepti
1137 1041 1345 1088 curam
1390 1021 1646 1087 dimittis
1691 1022 1886 1096 amici,

517 1123 820 1208 officiique
863 1124 1037 1210 pium
1081 1133 1208 1189 tam
1252 1124 1368 1190 cito
1411 1124 1592 1209 ponis
1634 1129 1825 1190 onus?

434 1225 681 1292 Sarcina
728 1246 884 1303 sum,
931 1226 1141 1304 fateor,
1188 1245 1374 1312 quam
1419 1226 1469 1290 si
1517 1245 1639 1291 non
1686 1236 1907 1313 tempo]

516 1328 903 1415 depositurus
947 1349 1103 1405 eraS,
1150 1349 1276 1395 non
1322 1328 1639 1395 subeunda
1677 1328 1830 1395 fuit.

430 1429 736 1497 Fluctibus
781 1432 845 1497 in
890 1431 1109 1498 mediis
1154 1452 1395 1509 navem,
1445 1431 1750 1510 Palinure,
1813 1433 1907 1496 rel.

517 1553 598 1616 ne
642 1533 800 1621 fuge,
848 1553 1003 1599 neve
1048 1543 1151 1600 tua
1197 1534 1274 1598 sit
1318 1534 1524 1599 minor
1570 1543 1699 1598 arte
1745 1532 1897 1598 fides

433 1633 742 1720 Numquid
788 1635 1087 1700 Achilleos
1132 1636 1296 1702 inter
1338 1635 1468 1701 fera
1510 1635 1744 1721 proelia
1790 1634 1896 1699 fidi

519 1738 788 1804 deseruit
832 1738 1048 1804 levitas
1092 1738 1551 1805 Automedontis
1596 1742 1824 1823 equos?

437 1861 619 1926 quem
666 1842 852 1906 semel
899 1841 1153 1927 excepit,
1201 1860 1520 1926 nunquam
1566 1839 1903 1906 Podalirius

518 1943 884 2028 promissam
928 1942 1199 2009 medicae
1244 1962 1369 2008 non
1414 1943 1556 2008 tulit
1600 1942 1748 2007 artis
1792 1962 1907 2027 ope

435 2043 699 2131 Turpius
743 2044 983 2122 eicitur,
1028 2066 1213 2131 quam
1260 2065 1385 2110 non
1431 2044 1774 2110 admittitur
1819 2045 1907 2110 ho:

524 2167 680 2232 quae
723 2147 939 2235 patuit,
982 2147 1233 2214 dextrae
1279 2147 1460 2213 firma
1504 2147 1581 2212 sit
1625 2147 1731 2212 arii
1774 2166 1907 2211 mea

439 2249 533 2315 Nil
577 2252 695 2316 nisi
740 2270 842 2317 me
886 2254 1084 2318 solum
1128 2252 1331 2338 primo
1375 2260 1605 2317 tutatus
1649 2271 1745 2329 es;
1793 2260 1853 2315 at
1897 2270 1907 2313 1

520 2374 622 2419 me
663 2354 896 2439 pariter
940 2368 1116 2419 serva
1160 2354 1576 2439 iudiciumque
1619 2364 1827 2419 tuum:

439 2454 487 2519 si
533 2456 715 2521 modo
761 2476 886 2521 non
932 2456 1138 2542 aliqua
1182 2467 1273 2522 est
1316 2457 1381 2522 in
1428 2476 1529 2521 me
1573 2475 1733 2521 nova
1775 2457 1907 2541 culp

524 2568 844 2624 mutarunt
888 2558 1088 2626 subito
1133 2559 1389 2624 crimina
1437 2568 1643 2624 nostra
1690 2557 1896 2623 fidem.

347 2807 576 2861 Elegia
618 2809 709 2852 vl
728 2840 744 2863 ‚
789 2809 918 2853 eolla
963 2810 1112 2863 quale
1155 2807 1331 2853 Ovidio
1374 2807 1600 2852 conforta
1642 2806 1742 2851 alla
1778 2805 1907 2852 fedei

276 2877 449 2924 amieo.

397 2952 438 2995 3.
464 2950 778 3005 suscepti,
805 2950 917 2995 vale
948 2963 1110 3005 quam
1136 2962 1461 3005 susceperas.

401 3023 442 3064 4.
466 3021 678 3076 pium,
705 3024 798 3075 per
817 3021 915 3076 pii.

400 3094 441 3136 5.
469 3092 772 3146 sarcina,
813 3105 837 3136 ‹
864 3104 987 3146 peso
1018 3091 1151 3136 assai
1180 3104 1330 3145 grave
1361 3102 1399 3135 ›.
1428 3114 1481 3123 -
1510 3103 1706 3136 non...
1741 3092 1907 3135 nosti

270 3174 358 3215 per
386 3166 518 3210 tu...
550 3163 698 3216 duro,
725 3161 815 3207 ohe
844 3163 893 3207 vi
923 3162 1271 3208 sostituisoono
1300 3161 1370 3215 gli
1400 3161 1604 3215 editori,
1646 3161 1775 3205 sulla
1818 3164 1907 3205 tra«

271 3223 430 3277 buoni.
457 3256 510 3265 —
539 3236 846 3288 tempore,
874 3232 982 3278 eioo
1009 3234 1133 3278 vita.

403 3304 440 3347 7.
470 3302 820 3348 Palinure:
846 3316 990 3348 nome
1021 3303 1101 3347 del
1130 3301 1392 3348 noeohiero
1422 3302 1556 3348 della
1583 3315 1709 3347 nave
1732 3301 1781 3346 di
1801 3301 1902 3346 Ene

277 3371 446 3418 Ovidio
475 3374 524 3418 al
553 3387 642 3419 suo
671 3374 845 3419 amieo.
1472 3363 1475 3367 “

402 3442 442 3485 9.
467 3441 805 3487 Achilleos
834 3440 1083 3487 concorda
1111 3455 1202 3487 eon
1233 3454 1404 3497 equos.

378 3512 441 3555 10.
470 3512 786 3558 deseruit·-
823 3526 847 3557 ‹
877 3512 1173 3558 abbandono
1204 3525 1296 3557 eon
1325 3513 1619 3566 leggerezza
1647 3524 1671 3555 ›
1700 3512 1717 3557 i
1747 3512 1907 3557 caval}

277 3581 498 3628 medonte
529 3596 617 3628 suo
646 3583 902 3629 ooeohiere
919 3584 942 3629 ⁴?

377 3656 442 3698 11.
469 3667 650 3709 quem
691 3667 733 3701 s.
775 3667 911 3708 exe„
939 3654 980 3699 si
1008 3654 1232 3700 riferisee
1264 3654 1327 3699 ad
1358 3667 1529 3709 aegro.
1570 3677 1623 3685 —
1665 3654 1904 3700 Podali

275 3722 425 3776 signo,
451 3723 586 3777 figlio
617 3723 666 3768 di
695 3724 978 3779 Eseulapio‚
1006 3725 1096 3769 ohe
1125 3724 1385 3779 partecipo
1414 3724 1620 3769 insieme
1664 3724 1741 3769 eol
1779 3723 1905 3769 frate

277 3806 451 3845 guerra
480 3794 529 3838 di
557 3794 719 3839 Troia.

376 3866 441 3908 14.
470 3877 632 3919 quae
665 3866 923 3921 patuit:
951 3864 1059 3910 eioe
1089 3865 1304 3910 serbami
1334 3868 1559 3911 costante
1590 3865 1623 3910 il
1659 3865 1841 3927 rifugio
1870 3864 1907 3909 e]

375 3936 439 3978 16.
465 3935 908 3990 iudiciumque
946 3939 1154 3981 tuam:
1181 3936 1215 3981 il
1246 3935 1478 3992 giudizio‚
1506 3935 1596 3981 ohe
1625 3940 1676 3981 tu
1706 3935 1882 3989 faceri,

277 4017 302 4050 e
329 4004 488 4059 dagno
519 4004 652 4051 della
678 4009 764 4051 tua
793 4006 1033 4052 amioizia.
