2840 4464
1107 227 1295 269 LIBER
1333 227 1418 281 111,
1455 213 1536 266 12.
2287 214 2393 267 125

501 352 625 397 non
670 330 989 397 interdicta
1035 332 1127 398 cui
1174 331 1314 397 licet
1357 332 1512 398 urbe
1556 331 1701 397 frui!
2133 322 2136 323 ⁷
2305 334 2393 398 26

414 433 487 498 At
528 433 994 500 mihi.sentitur
1038 434 1146 499 nix
1189 454 1380 500 verno
1428 436 1553 500 sole
1597 435 1812 511 soluta,

496 555 773 621 quaeque
817 537 950 601 lacu
995 535 1186 602 durae
1231 556 1355 602 non
1400 536 1713 602 fodiantur
1754 555 1979 621 aquae:

413 656 525 703 nec
558 657 728 703 mare
757 638 1081 704 concrescit
1109 638 1317 725 glacie,
1351 658 1480 717 nec,
1513 648 1581 704 ut
1610 647 1770 715 ante,
1802 658 1918 724 per
1948 637 2217 704 Histrum

497 739 754 806 stridula
799 740 1189 806 Sauromates
1232 743 1506 827 plaustra
1550 740 1851 807 bubulcus
1895 741 2034 826 agit.
2219 776 2224 783 ·
2304 740 2394 807 30

415 840 709 930 Incipient
741 842 982 927 aliquae
1026 853 1229 908 tamen
1276 843 1396 909 huc
1438 842 1667 909 adnare
1708 843 1970 920 carinae,
2293 838 2297 842 ’

501 944 863 1031 hospitaque
904 945 968 1010 in
1013 944 1188 1011 Ponti
1234 945 1413 1011 litore
1456 945 1682 1031 puppis
1727 945 1861 1010 erit.

417 1046 677 1113 Sedulus
719 1066 1029 1114 occurram
1074 1058 1314 1124 nautae,
1360 1047 1640 1132 dictaque
1684 1050 1897 1124 salute,

500 1148 646 1233 quid
689 1149 913 1227 veniat,
961 1170 1272 1235 quaeram,
1319 1149 1533 1234 quisve
1578 1149 1879 1235 quibusve
1922 1149 2084 1214 locis,

414 1249 522 1316 llle
566 1250 813 1336 quidem
857 1251 1087 1318 mirum
1133 1251 1196 1317 ni
1243 1251 1320 1317 de
1365 1252 1613 1338 regione
1655 1251 2004 1337 propinqua
2304 1250 2391 1317 35

497 1373 620 1419 non
666 1353 785 1418 nisi
833 1354 1063 1419 vicinas
1108 1363 1276 1419 tutus
1319 1355 1510 1418 ararit
1553 1374 1758 1439 aquas,

415 1453 606 1521 Rarus
650 1456 726 1521 ab
767 1456 936 1522 ltalia
979 1466 1221 1522 tantum
1265 1474 1437 1522 mare
1482 1456 1690 1522 navita
1735 1455 1972 1532 transit,

499 1557 677 1623 litora
723 1579 897 1624 rarus
940 1558 1006 1623 in
1056 1559 1220 1636 haec,
1267 1558 1569 1644 portubus
1612 1558 1781 1635 orba,
1828 1558 2016 1623 venit.

416 1659 558 1724 Sive
605 1669 807 1726 tamen
851 1660 1076 1726 Graeca
1119 1661 1340 1739 scierit,
1387 1661 1517 1726 sive
1559 1661 1667 1727 ille
1711 1661 1923 1726 Latina

503 1782 646 1828 voce
687 1763 875 1849 loqui,
921 1801 1005 1810 -—
1041 1772 1202 1828 certe
1245 1763 1476 1850 gratior
1519 1764 1702 1829 huius
1747 1764 1890 1842 erit3
1936 1800 2022 1810 --
2303 1760 2392 1825 40

395 1862 507 1928 *fas
536 1885 776 1950 quoque
806 1865 883 1930 ab
912 1885 1018 1931 ore
1048 1865 1185 1931 freti
1218 1867 1555 1952 longaeque
1585 1865 1985 1950 Propontidos
2014 1860 2225 1931 undis

506 1967 623 2033 huc
666 1968 933 2053 aliquem
976 1978 1140 2033 certo
1183 1969 1320 2033 vela
1364 1967 1602 2033 dedisse
1648 1967 1818 2033 noto:
1865 2005 1952 2023 .—

353 2251 419 2294 26.
447 2263 568 2295 non
603 2251 823 2296 interd
834 2252 854 2296 i
863 2254 994 2304 cta,
1021 2263 1045 2295 ι
1075 2253 1418 2304 senz’esserne
1451 2254 1619 2295 tenuto
1650 2251 1850 2296 lontano
1880 2262 1919 2295 ›.

352 2336 421 2378 27.
450 2337 517 2378 at
552 2335 734 2379 mihi:
760 2347 853 2390 per
879 2347 974 2388 me,
992 2335 1212 2388 relegato
1241 2334 1375 2379 nella
1395 2334 1569 2389 Scizia,
1584 2348 1683 2379 non
1712 2348 1799 2379 son
1820 2333 1982 2388 questi
2000 2334 2017 2379 i
2037 2334 2176 2388 segni
2195 2334 2285 2379 che
2308 2349 2396 2379 an·

238 2403 488 2449 nunziano
517 2404 552 2448 il
580 2404 765 2449 ritorno
794 2404 927 2449 della
953 2404 1248 2460 primavera.

354 2488 421 2531 28.
448 2486 625 2532 Costr.:
652 2491 700 2532 et
726 2488 1029 2533 sentiuntur
1057 2501 1226 2542 aquae
1254 2497 1387 2541 quae
1404 2499 1511 2532 non
1530 2488 1803 2543 (amplius)
1817 2487 2098 2541 fodiantur
2117 2488 2398 2537 duraeoeol

241 2558 319 2610 Gn,
333 2557 386 2601 P.
402 2570 428 2602 e
442 2557 517 2612 V„
533 2570 624 2611 per
642 2558 928 2613 fodiuntur
956 2559 1089 2603 duro
1109 2557 1238 2602 delle
1259 2557 1454 2602 antiche
1476 2557 1703 2609 edizioni)
1724 2559 1859 2612 lacu,
1883 2556 1973 2603 che
1992 2571 2089 2602 non
2109 2556 2149 2603 si
2170 2558 2392 2610 tagliano

236 2625 353 2671 eice
374 2626 459 2680 piu
481 2641 511 2672 a
538 2627 677 2681 pezzi
706 2626 788 2672 dal
816 2627 947 2681 lago,
974 2641 1005 2673 a
1033 2641 1185 2673 causa
1214 2627 1347 2672 della
1367 2628 1473 2674 loro
1503 2627 1726 2682 durezza,
1755 2641 1835 2678 ma.
1854 2626 1897 2672 si
1916 2627 2169 2681 attingono
2187 2627 2399 2682 liquide.

354 2712 421 2755 31.
450 2711 790 2766 incipient,
828 2710 904 2756 col
936 2710 1013 2765 Gn,
1038 2723 1130 2765 per
1156 2711 1419 2765 incipiwnt
1448 2710 1528 2755 del
1555 2711 1610 2755 P.
1640 2725 1666 2755 e
1695 2711 1754 2756 V.

354 2795 421 2838 34.
449 2795 616 2849 quis,
642 2793 748 2839 scil.
776 2794 861 2837 sit.
1360 2793 1361 2798 ’
2290 2855 2293 2859 Δ

354 2879 420 2923 35.
442 2878 841 2933 propinqua,
867 2881 1053 2922 mentre
1084 2877 1118 2921 il
1146 2881 1297 2931 poeta
1326 2875 1675 2931 aspetterebbe
1705 2877 1794 2922 che
1822 2876 2016 2922 venisse
2048 2876 2394 2922 dall'Italia.--

240 2948 417 2993 costra
440 2949 641 2993 mirum
667 2951 744 2992 est
769 2948 828 2993 ni
854 2948 947 2992 ille
967 2948 1177 3003 quidem
1195 2948 1300 2998 (sit)
1321 2948 1382 2993 de
1399 2949 1607 3002 regione
1617 2949 1927 3004 propinqua
1947 2951 2029 2999 (et)
2048 2951 2194 2993 tutus
2215 2948 2397 3014 ararit

242 3031 420 3073 aquas
445 3019 660 3064 nonnisi
684 3021 726 3069 (‹
755 3018 983 3073 soltanto,
1012 3018 1434 3072 escMsivamente,
1460 3032 1559 3063 non
1589 3019 1712 3062 altre
1742 3018 1832 3079 che
1860 3018 2025 3072 quelle
2054 3022 2096 3069 ›)
2123 3019 2338 3064 vicina&

352 3103 420 3146 37.
447 3104 713 3155 tantum,
750 3100 853 3146 scil.
893 3105 1154 3155 quantum
1196 3102 1334 3146 inter
1375 3100 1600 3147 Italiam
1642 3105 1690 3147 et
1717 3101 1999 3147 sinistram
2039 3094 2204 3147 Ponti
2240 3114 2398 3147 oram

240 3172 536 3217 interiacet.

352 3256 419 3301 38.
439 3233 763 3310 portubus
798 3256 975 3309 orba,
1004 3255 1170 3299 attrib.
1204 3255 1254 3299 di
1283 3255 1459 3300 litora.

350 3340 418 3382 40.
444 3338 719 3392 gratior,
749 3338 852 3383 scil.
879 3351 988 3383 vox.
1015 3362 1069 3369 —
1095 3339 1306 3392 huius,
1334 3338 1409 3383 coi
1441 3337 1601 3383 codici
1628 3338 1860 3393 migliori‚
1878 3352 1970 3393 per
1988 3351 2118 3384 usus
2140 3339 2219 3384 del
2238 3339 2344 3383 Pal.
2368 3352 2399 3384 e

241 3409 375 3454 delle
404 3408 599 3453 antiche
632 3408 873 3459 edizioniz=
893 3408 942 3453 di
971 3409 1102 3454 colui
1132 3408 1254 3463 cios,
1282 3408 1372 3454 che
1399 3409 1546 3462 pax-la
1571 3409 1740 3454 latino.
1786 3427 1790 3431 >

347 3494 414 3537 41.
434 3494 473 3549 f
478 3506 548 3538 as
588 3506 855 3548 quoque:
881 3492 981 3546 pub
1011 3492 1145 3537 darsi
1176 3492 1399 3537 eziandio
1430 3492 1535 3547 che,
1562 3493 1727 3547 spinto
1757 3493 1821 3538 da
1849 3508 1913 3538 un
1950 3493 2084 3539 buon
2123 3498 2271 3538 vento
2303 3508 2394 3538 au·

240 3563 410 3617 stralo,
437 3562 625 3617 giunga
653 3562 738 3617 qui
766 3562 977 3617 qualche
1004 3562 1275 3616 navigante
1305 3557 1709 3617 dall'Elle‘sponto
1741 3575 1767 3609 e
1788 3563 1924 3610 dalla
1942 3563 2256 3618 Propontide,
2278 3577 2303 3607 e
2325 3563 2396 3607 mi

238 3632 469 3687 titel-isca
495 3634 543 3678 le
570 3632 683 3678 voci
711 3632 800 3677 ohe
829 3636 1051 3678 corrono.
1078 3656 1130 3664 —
1150 3633 1343 3689 freti:
1372 3633 1399 3678 ὸ
1427 3632 1560 3678 forse
1589 3634 1624 3677 il
1654 3634 1860 3682 Bosforo
1891 3634 2108 3686 Tracico‚
2128 3633 2216 3678 che
2238 3636 2392 3677 mette

234 3704 290 3749 in
319 3703 719 3753 comunicazione
746 3704 798 3748 la
823 3703 1124 3758 Propontide
1153 3704 1464 3749 coll’Eusino.
1492 3728 1546 3735 —
1584 3703 2057 3759 Propontidos:
2085 3703 2110 3747 ὸ
2140 3703 2174 3746 il
2205 3716 2311 3746 mar
2341 3696 2392 3746 di

238 3774 501 3828 Marmara,
538 3773 628 3818 che
666 3774 921 3819 comunica
963 3773 1210 3826 coll’Egeo
1248 3788 1341 3829 per
1378 3786 1542 3819 mezzo
1586 3774 1717 3819 dello
1756 3777 1931 3819 stretto
1976 3773 2055 3817 dei
2099 3771 2393 3817 Dardanelli

236 3843 672 3899 (Hellespontus).

347 3929 415 3972 42.
443 3931 634 3982 certo,
658 3940 683 3971 ‹
713 3922 1055 3993 determinato,
1079 3927 1244 3972 sicut-o
1284 3937 1323 3972 >.
