2840 4464
40 895 67 1089 ΨᾞἮ
44 830 61 881 ’Ἠ

1194 233 1379 275 LIBER
1418 233 1451 273 Γ

488 335 606 402 Nee
637 347 838 402 tamen
874 338 1037 404 hunc
1066 359 1173 404 sua
1203 355 1389 416 morS,
1423 358 1451 402 1]

574 442 732 506 alter
774 441 852 506 ob
896 441 1153 507 alteri‘us
1199 440 1414 506 funera

491 541 559 606 Et
603 542 726 607 iam
769 543 1128 609 eonsfl'terat
1173 543 1377 608 stricto
1424 564 1451 608 1

575 645 848 711 cinxerat
891 653 952 711 et
995 644 1207 711 Graias
1251 645 1451 710 barba]

489 742 626 812 eum
671 747 802 813 viee
845 748 1144 813 sermonis
1187 749 1440 814 fratrem

571 869 686 935 pro
731 869 877 916 nece
920 852 1273 936 complexus
1316 849 1451 935 lphffl

492 949 668 1017 Laeta
711 951 862 1017 deae
905 953 1166 1041 signum,
1213 951 1451 1019 crudeli*

571 1054 881 1119 transtulit
926 1074 1000 1119 ex
1045 1055 1170 1120 illis
1216 1055 1278 1119 in
1325 1056 1446 1120 mel

490 1153 644 1220 Haec
686 1155 873 1241 igitur
916 1157 1098 1244 regio,
1146 1157 1351 1243 magni
1397 1177 1451 1242 p:

577 1256 772 1340 Quam
819 1258 1026 1345 fflgere
1073 1258 1354 1324 homines
1398 1258 1451 1323 di

490 1368 670 1444 atque
715 1380 916 1425 meam
959 1370 1191 1427 terram
1225 1381 1420 1447 prope

574 1462 623 1526 si
669 1462 849 1528 modo
893 1462 1110 1528 Nasoni
1159 1462 1418 1528 barbara

491 1562 543 1629 Ο
586 1565 824 1630 utinam
870 1566 1057 1643 venti,
1105 1566 1326 1651 quibus
1371 1576 1451 1631 est

573 1668 808 1752 placato
856 1668 1125 1734 referant
1169 1677 1228 1734 et
1272 1687 1407 1733 mea

1352 2023 1423 2090 V.

491 2208 543 2276 Ο
587 2211 741 2278 mihi
789 2211 1036 2278 dilectos
1080 2211 1244 2279 inter
1285 2232 1429 2298 pars

573 2314 752 2380 unica
797 2315 1056 2381 fortunis
1100 2336 1205 2380 ara
1250 2325 1451 2400 repert

488 2416 657 2482 euius
700 2416 776 2482 ab
820 2416 1119 2503 adffiquiis
1163 2418 1368 2483 anima
1417 2418 1451 2482 h

573 2528 641 2585 ut
683 2519 830 2606 vigil
876 2519 1075 2586 infusa
1120 2519 1364 2585 Pallade
1409 2520 1451 2585 fl

429 2801 494 2845 76.
524 2801 591 2845 ob
618 2800 870 2855 funera,
899 2802 976 2845 ool
1003 2801 1070 2855 L.‚
1098 2815 1188 2855 per
1217 2803 1282 2846 ab
1306 2802 1451 2856 sunm

425 2873 492 2916 77.
519 2872 774 2925 stricto,
806 2870 910 2916 scil.
931 2872 1002 2916 ad
1029 2872 1322 2916 caedendas
1351 2872 1451 2915 vict

423 2944 489 2986 78.
515 2943 705 2995 vitta,
734 2942 784 2986 la
811 2941 974 2986 benda
1003 2955 1095 2987 eon
1124 2942 1203 2986 eui
1233 2942 1275 2987 si
1304 2942 1447 2995 cinge

429 3014 494 3056 79.
520 3012 653 3057 vice
693 3013 1029 3066 sermonis,
1057 3025 1081 3056 ‹
1111 3012 1429 3057 seambiando

423 3084 491 3127 81.
518 3083 720 3136 laeta,
748 3082 851 3127 soil.
878 3081 1170 3138 Iphiqmia.
1195 3106 1249 3113 —
1279 3084 1431 3127 deae

422 3155 490 3197 85.
515 3166 716 3197 meam
758 3156 1001 3199 terram
1031 3157 1150 3204 (aee.
1183 3152 1451 3207 dipendent

314 3222 471 3276 codd„
497 3236 588 3276 per
613 3236 732 3268 mea
761 3227 909 3268 terra
936 3222 1025 3268 ehe
1055 3223 1095 3267 si
1124 3223 1269 3276 legge
1297 3223 1380 3267 nel
1406 3223 1451 3266 L*

425 3295 493 3337 86.
523 3297 709 3339 terra
737 3306 892 3339 sua.-
926 3306 978 3338 se
1006 3306 1131 3347 pure
1161 3306 1226 3337 un
1254 3293 1446 3339 Roman

420 3365 487 3409 89.
514 3365 833 3419 reserant,
860 3376 884 3407 ‹
913 3363 1243 3408 rieondueano
1266 3363 1311 3408 in
1331 3368 1451 3417 patr,

395 3520 624 3573 Elegia
652 3521 727 3575 V,
757 3519 807 3564 in
834 3519 946 3564 lode
976 3520 1249 3565 dell’amieo
1278 3519 1451 3564 fedele.

451 3594 487 3633 1.
516 3590 693 3636 costra
722 3603 749 3635 ο
783 3603 923 3645 pars
956 3591 1144 3645 prima
1184 3591 1323 3635 inter
1362 3591 1451 3635 sod

315 3672 461 3714 pars,
489 3660 800 3706 tramandato
831 3660 894 3706 da
925 3661 1037 3706 tutti
1066 3660 1082 3704 i
1111 3660 1251 3705 codd.
1279 3660 1449 3714 miglio

451 3733 491 3775 2.
519 3744 660 3785 ara,
688 3743 712 3774 ‹
740 3730 923 3784 rifugio
953 3741 993 3786 ›,
1017 3730 1200 3785 perche
1230 3731 1298 3784 gli
1328 3732 1451 3776 altar

316 3800 365 3843 ai
393 3801 733 3855 perseguitati.

445 3874 486 3917 3.
516 3869 864 3927 adloquiis,
897 3885 921 3916 ‹
948 3873 1120 3926 parole
1151 3872 1200 3916 di
1230 3871 1451 3917 conforto

449 3947 488 3991 4.
517 3943 810 3996 Pallade,
840 3957 864 3988 ‹
899 3943 1032 3988 l'olio
1062 3942 1240 3989 d'olivo
1269 3953 1294 3984 >
1324 3942 1372 3987 di
1402 3956 1451 3988 eu
