2840 4464
400 186 506 241 108
527 248 531 255 ,
1325 200 1619 242 ‘rms'rmu

570 306 794 374 Vivere
836 327 939 373 me
981 308 1163 387 diceS,
1209 307 1316 374 sed
1360 307 1465 387 sic,
1510 319 1578 374 ut
1623 308 1835 374 vivere
1880 308 2095 385 nolim,

658 431 770 477 nec
808 413 971 476 mala
1014 419 1141 476 tam
1186 412 1366 497 longa
1413 411 1618 476 nostrii
1663 410 1863 476 levat&
1906 425 2106 476 mora:

569 522 630 579 et
673 522 880 579 tamen
926 512 1002 578 ad
1046 511 1264 600 Musas,
1310 512 1592 598 quamvis
1637 533 1917 590 nocuere,
1967 514 2239 593 reverti„

653 615 917 702 apth'que
960 615 1027 680 in
1072 617 1341 682 alternos
1385 635 1599 702 cogere
1643 616 1829 681 verba
1875 615 2082 702 pedes,
2474 619 2562 684 10

567 717 659 784 Tu
690 738 952 804 quoque,
998 717 1113 796 dic,
1159 717 1376 784 studiis
1419 717 1849 784 communibus
1890 718 2106 804 ecquid
2152 718 2461 796 inhaereS‚

656 818 952 905 doctaque
996 840 1122 885 non
1166 821 1365 906 patrio
1408 820 1681 885 carmina
1726 840 1898 886 more
1940 821 2140 886 canis?

573 941 718 987 nam
762 922 872 987 tibi
918 943 1056 989 cum
1102 922 1239 988 fatis
1282 942 1487 988 mores
1532 933 1750 989 natura
1794 923 2044 1008 pudicos

656 1033 717 1089 et
762 1045 932 1089 raras
976 1024 1145 1090 dotes
1192 1025 1633 1112 ingeniumque
1678 1025 1863 1090 dedit.

573 1125 694 1192 Hoc
734 1146 844 1213 ego
889 1126 1211 1213 Pegasidas
1255 1127 1481 1193 deduxi
1527 1127 1767 1213 primus
1811 1127 1888 1193 ad
1931 1128 2146 1206 undem,
2472 1132 2556 1195 15

658 1250 738 1296 ne
779 1233 942 1297 male
985 1231 1278 1297 fecundae
1322 1251 1481 1296 vena
1525 1231 1759 1316 periret
1803 1251 2027 1317 aquae:

569 1332 813 1418 primus
857 1333 920 1398 id
965 1335 1169 1419 aspexi
1220 1334 1449 1399 teneris
1497 1333 1560 1398 in
1607 1333 1863 1420 virginis
1908 1333 2106 1411 anniS‚

658 1445 848 1522 utque
891 1446 1067 1522 pater
1110 1447 1290 1502 natae
1335 1437 1583 1523 duxque
1627 1456 1949 1522 comesque
1994 1435 2101 1502 fui.

571 1537 724 1626 Ergo
769 1538 818 1604 si
865 1539 1189 1604 remenent
1232 1539 1402 1626 ignes
1448 1539 1558 1605 tibi
1603 1539 1863 1624 pectoris
1907 1538 2092 1616 idem,

657 1643 784 1706 sola
827 1651 1004 1707 tuum
1050 1651 1217 1706 vates
1260 1641 1471 1706 Lesbia
1518 1641 1720 1707 vincet
1763 1662 1934 1727 opuS.
2468 1644 2556 1707 20

573 1742 692 1808 Sed
736 1762 973 1821 vereor,
1020 1762 1099 1808 ne
1143 1751 1203 1808 te
1247 1762 1384 1808 mea
1430 1763 1596 1808 nunc
1640 1743 1884 1808 fortunii
1929 1742 2215 1819 retardet,

658 1854 916 1931 postque
958 1865 1127 1910 meos
1169 1865 1340 1911 casus
1385 1844 1463 1908 sit
1508 1844 1617 1910 tibi
1663 1854 1873 1931 pectus
1911 1845 2092 1911 inerS.

539 2137 578 2180 8.
617 2139 748 2181 tam
791 2136 1011 2190 longa:
1052 2135 1093 2181 si
1130 2136 1235 2181 noti
1273 2135 1362 2181 che
1401 2148 1607 2181 correva
1645 2135 1833 2181 oramai
1874 2137 1909 2180 il
1952 2136 2291 2181 second’anno
2335 2135 2559 2190 d'esilio‚

400 2205 605 2262 quando
632 2206 684 2251 18
712 2206 892 2251 lettera
918 2205 972 2252 fu
1000 2206 1186 2253 scritta.
1213 2230 1266 2240 —-
1301 2219 1505 2261 mora,
1533 2220 1556 2252 ‹
1586 2207 1897 2261 1081888828,
1938 2205 2130 2253 dimore.
2158 2205 2208 2251 in
2243 2219 2396 2262 paese
2427 2209 2555 2252 stra-

405 2278 545 2323 niero
576 2287 615 2322 ›.

539 2352 579 2394 9.
606 2362 906 2404 nocuere,
933 2362 958 2394 ‹
989 2349 1053 2394 mi
1084 2363 1322 2395 recarono
1351 2350 1514 2395 denno
1544 2361 1583 2394 ›.
1612 2373 1664 2382 —
1704 2363 1809 2395 rev
1822 2350 1977 2394 erti:
2017 2348 2103 2394 inf.
2144 2347 2445 2404 dipendente
2488 2348 2557 2395 da

400 2420 559 2465 dices.
599 2419 771 2465 Anche
812 2424 990 2474 queste
1031 2421 1206 2475 parole
1249 2419 1582 2475 confermano,
1609 2419 1700 2466 che
1727 2420 1778 2465 18
1804 2433 1969 2465 nuova
1997 2420 2161 2475 elegia
2187 2433 2285 2465 non
2314 2419 2342 2463 ὸ
2370 2419 2557 2465 diretta

402 2491 486 2535 dal
529 2493 681 2546 poeta
725 2490 826 2535 alla
863 2490 1072 2545 propria
1108 2490 1348 2545 famiglia,
1378 2490 1480 2536 alla
1508 2491 1657 2545 quale
1685 2503 1784 2536 non
1812 2504 1899 2537 era
1926 2494 2228 2536 certamente
2256 2489 2425 2544 ignoto
2464 2489 2555 2535 che

401 2562 506 2615 egli
537 2561 803 2607 alleviasse
832 2562 963 2607 oolla
988 2562 1164 2616 poesia
1191 2562 1238 2607 le
1268 2562 1382 2607 noie
1412 2561 1685 2607 dell’esilio.

516 2634 580 2678 10.
608 2635 795 2687 apta:
834 2633 1053 2688 disporle
1097 2632 1203 2678 cioe
1231 2633 1282 2677 in
1311 2632 1458 2678 modo
1487 2632 1657 2678 adatto
1687 2647 1717 2678 8
1744 2632 1957 2678 formare
1988 2631 2069 2677 dei
2108 2632 2272 2677 distici
2300 2644 2392 2677 con
2421 2631 2556 2676 versi

402 2702 636 2749 alternati
665 2704 935 2753 (alternos)
963 2702 1013 2748 di
1042 2703 1183 2748 varie.
1209 2703 1495 2757 lunghezza.

515 2777 580 2819 11.
607 2778 679 2819 st.
707 2774 1172 2829 communibus,
1195 2772 1301 2820 cioe
1321 2774 1420 2818 alle
1441 2786 1558 2817 cure
1580 2772 1712 2818 della
1729 2773 1987 2827 poesie..—
2015 2773 2243 2829 ecquid
2269 2771 2550 2828 in.,‹forse

402 2845 627 2893 continui
656 2847 740 2895 ad.
756 2882 767 2895 .
783 2883 795 2895 .
831 2857 870 2893 >.

515 2920 579 2962 12.
606 2931 732 2976 non
763 2919 993 2974 patrio
1035 2918 1146 2962 vale
1177 2921 1411 2971 externo,
1452 2916 1559 2962 cioe
1598 2930 1761 2971 greco,
1797 2929 1935 2961 come
1967 2915 2215 2971 parrebbe
2244 2915 2440 2961 doversi
2469 2914 2553 2960 de-

403 2995 599 3035 sumere
630 2989 937 3043 dall'epiteto
967 2987 1017 3033 di
1046 2989 1199 3033 docta
1227 3001 1253 3033 e
1284 2988 1367 3033 dal
1395 3000 1650 3042 paragone
1681 3001 1772 3033 con
1801 2987 1934 3032 Saffo
1963 2990 2024 3037 (v.
2051 2988 2139 3038 20).

515 3060 580 3102 13.
608 3061 851 3104 natura
879 3071 1017 3104 cum
1036 3059 1237 3113 fatis,
1267 3058 1375 3103 oioe
1403 3061 1608 3103 natura
1637 3061 1684 3102 et
1704 3058 1831 3112 fata
1856 3061 1900 3107 (‹
1928 3056 1978 3101 18
2008 3059 2141 3101 sorte
2168 3056 2227 3108 >).

515 3130 581 3172 14.
611 3128 820 3181 dotes,
847 3140 872 3172 ‹
899 3128 1032 3173 virtu
1060 3139 1099 3172 ›.

514 3200 580 3243 15.
607 3198 748 3252 hoc,
789 3198 894 3243 scil.
922 3199 1206 3254 inueniam.
1233 3222 1285 3231 —
1314 3198 1672 3253 Peyasidas
1713 3198 1954 3250 undas,
1993 3196 2044 3241 18
2085 3195 2221 3241 fonte
2263 3195 2552 3250 Ippocrene‚

403 3282 552 3314 sacra
581 3269 678 3313 alle
706 3269 861 3325 Mass,
888 3269 1016 3315 fatta
1045 3269 1304 3323 scaturire,
1332 3268 1661 3322 scalpitando‚
1690 3268 1771 3312 dal
1801 3267 1995 3312 cavallo
2025 3266 2160 3311 alato
2188 3266 2398 3319 Pegaso.

515 3343 580 3384 16.
607 3340 776 3385 male
793 3373 804 3393 ‚
839 3352 863 3383 ‹
887 3340 1196 3385 inutilmente
1225 3351 1266 3394 ›,
1292 3340 1334 3385 si
1363 3339 1588 3384 riferisce
1618 3353 1649 3385 8
1667 3338 1887 3394 periret.

515 3412 580 3455 18.
607 3412 795 3465 utque
826 3414 1026 3466 pater
1055 3411 1153 3462 (nel
1184 3410 1346 3456 Guelf.
1367 3414 1567 3465 pateo:
1594 3411 1769 3464 queste
1795 3408 1990 3463 parole,
2019 3410 2208 3452 mentre
2237 3405 2550 3452 confermano

403 3478 653 3527 vintimit&
681 3480 761 3524 del
788 3482 941 3534 poete.
968 3479 1099 3525 colla
1126 3479 1351 3533 famiglia
1379 3479 1431 3524 di
1459 3479 1659 3533 Perilla,
1686 3478 1954 3523 escludono
1973 3476 2151 3522 d’altra
2168 3480 2311 3530 parte
2330 3475 2421 3521 che
2442 3487 2552 3521 essa

404 3556 608 3608 potesse
639 3551 848 3605 essergli
874 3550 1030 3605 figlia.

514 3625 580 3668 19.
606 3623 786 3677 iones
826 3622 994 3667 idem
1022 3620 1148 3672 (cieo
1176 3622 1370 3676 iidem),
1397 3622 1509 3667 vale
1538 3621 1699 3666 iidem
1741 3621 1959 3666 ardores
1986 3619 2199 3674 inaenii,
2230 3629 2255 3661 ‹
2282 3617 2443 3672 succo,
2472 3630 2551 3662 en-

404 3693 645 3739 tusiasmo
673 3692 871 3748 poetico
901 3703 941 3738 ›.

514 3764 581 3805 20.
609 3761 849 3806 Lesbia
889 3762 1099 3814 vates,
1128 3761 1179 3806 18
1206 3764 1443 3814 poetessa
1471 3760 1601 3805 Saffo
1630 3761 1801 3805 nativa
1830 3760 1881 3805 di
1910 3760 2089 3807 Lesbo.

514 3834 582 3874 21.
608 3830 941 3885 retardat,
980 3830 1163 3883 perche
1206 3844 1381 3875 manca
1419 3831 1499 3875 chi
1528 3831 1564 3875 ti
1595 3831 1747 3876 esorti
1776 3844 1805 3875 8
1832 3831 2124 3885 proseguire
2153 3830 2287 3875 nella
2313 3830 2397 3875 via
2424 3829 2550 3875 delle

411 3898 603 3944 lettere.
