2840 4464
379 249 452 302 20
1306 262 1603 307 ‘rms'rnm

557 371 792 437 Mittere
836 390 939 437 me
979 371 1213 459 Stygias
1257 372 1306 437 si
1345 373 1469 437 iam
1512 370 1803 437 voluisset
1847 371 1924 437 ad
1967 371 2163 437 undas
2440 369 2521 434 65

639 473 874 552 Caesar,
921 475 991 539 in·
1033 474 1146 540 hoc
1188 484 1390 540 vestra
1433 494 1559 539 non
1605 474 1868 561 eguisset
1911 493 2046 559 ope.

553 575 654 640 Est
696 576 784 641 illi
833 575 1043 642 nostri·
1066 596 1189 643 non
1236 576 1536 642 invidiosa
1581 577 1814 644 cruoris

466 674 470 680 ’
636 679 826 764 copia,
873 679 1157 765 quodque
1201 679 1385 757 dedit,
1434 700 1572 745 cum
1609 681 1789 756 volet,
1840 678 1971 764 ipse
2007 678 2177 743 feret.

550 780 671 846 Vos
715 782 914 859 modo,
963 801 1112 867 quos
1155 791 1317 846 certe
1361 783 1554 858 nullo,
1599 791 1767 867 puto,
1812 780 2071 846 crimine
2116 779 2280 856 laesi,
2534 847 2537 853 ,

635 883 902 948 contenti
947 882 1171 947 nostris
1216 882 1357 960 iam,
1402 903 1637 968 precor,
1684 893 1810 948 este
1855 883 2057 947 malis!
2440 882 2522 945 70

551 984 670 1051 Nec
713 994 1053 1060 tamem-ut
1092 985 1290 1051 cuncti
1334 986 1631 1051 miserum
1677 1005 1925 1051 servare
1968 985 2188 1061 velitis

639 1088 801 1173 quod
844 1087 1046 1173 periit,
1092 1089 1330 1155 salvum
1375 1088 1498 1153 iam
1543 1097 1723 1174 caput
1765 1108 1896 1154 esse
1940 1096 2152 1173 potest.

466 1184 473 1190 ⁴
551 1188 627 1254 Ut
658 1191 841 1254 'mare
884 1188 1156 1255 considat
1192 1189 1514 1275 ventisque
1559 1189 1896 1257 ferentibus
1938 1199 2097 1266 utar,

635 1302 703 1358 ut
747 1291 902 1356 mihi
946 1292 1225 1377 parcatiS‚
1271 1311 1396 1357 non
1444 1293 1649 1358 minus
1693 1294 1865 1358 exsul
1911 1294 2049 1358 ero!

548 1393 680 1458 Non
726 1415 835 1481 ego
879 1393 1124 1459 divitias
1166 1393 1381 1460 avidus
1425 1394 1559 1460 sine
1602 1394 1729 1459 fine
1773 1393 2033 1480 parandi
2440 1395 2522 1458 '75

634 1499 827 1562 latum
867 1496 1181 1563 mutandis
1224 1496 1529 1564 mercibus
1572 1516 1803 1582 aequor
1845 1517 1985 1562 aro:

549 1618 662 1664 nec
703 1609 862 1685 peto,
909 1619 1059 1684 quas
1094 1599 1405 1684 quondam
1450 1599 1599 1684 petii
1646 1598 1971 1677 studiosm,
2019 1599 2302 1676 Athenas,
2357 1642 2362 1647 2

632 1701 856 1788 oppida
901 1721 1026 1767 non
1071 1702 1261 1778 Asiae,
1296 1721 1422 1767 non
1469 1704 1596 1767 loca
1641 1702 1770 1767 visa
1817 1703 2009 1788 prim,

546 1823 672 1869 non
714 1813 783 1870 ut
825 1803 1153 1870 Alexandri
1198 1805 1426 1869 claram
1470 1803 1707 1870 delatus
1753 1803 1829 1868 ad
1879 1803 2097 1870 urbem

634 1905 880 1972 delicias
921 1902 1185 1983 videam,
1231 1905 1364 1972 Nile
1406 1906 1619 1983 iocose,
1665 1916 1818 1972 tuas,
2439 1907 2524 1973 80

534 2000 724 2091 'Quod
768 2008 970 2073 faciles
1014 2019 1155 2094 opto
1199 2018 1435 2086 ventoS‚
1482 2046 1563 2057 -—
1610 2008 1746 2094 quis
1790 2007 2040 2073 credere
2082 2014 2324 2093 posset?
2369 2047 2453 2055 —-

635 2110 929 2175 Sarmatis
972 2120 1062 2175 est
1105 2111 1305 2188 telluS‚
1352 2130 1537 2196 quam
1583 2130 1719 2176 mea
1762 2111 1902 2176 vela
1945 2119 2180 2196 petunt.

482 2419 552 2461 65.
578 2415 844 2472 Stvoias
882 2430 948 2472 u.‚
982 2417 1166 2471 palude
1196 2416 1455 2462 infernale.

482 2490 551 2532 67.
577 2487 730 2542 copia
758 2483 989 2533 est‘vale
1017 2490 1252 2542 potestas
1280 2491 1357 2533 est
1384 2501 1408 2532 ‹
1439 2487 1538 2542 puo
1568 2486 1796 2542 disporre
1826 2499 1875 2536 >2
1900 2500 2007 2532 non
2033 2488 2311 2544 invidiosa,
2333 2501 2357 2533 ‹
2376 2503 2524 2536 senza

376 2555 607 2602 rendersi
635 2555 807 2602 odioso
836 2567 876 2602 ›.

482 2630 552 2674 68.
580 2627 616 2672 d
626 2627 726 2672 edi
736 2631 782 2681 t,
819 2627 950 2673 ossia
979 2628 1258 2682 concessit,·
1280 2628 1431 2682 feret,
1459 2627 1567 2673 cioe¹
1597 2629 1818 2682 auferet,
1848 2628 2061 2673 adimet.

479 2696 548 2738 70.
577 2694 729 2748 iam,
770 2707 794 2738 ‹
824 2693 1013 2739 oramai
1040 2705 1080 2736 ›.

478 2766 550 2808 71.
575 2766 662 2817 ut,
700 2776 724 2808 ‹
754 2763 987 2818 sebbene‚
1014 2764 1355 2818 quand’anche
1386 2775 1425 2809 >.

490 2836 559 2879 72.
588 2838 799 2889 caput,
827 2833 935 2880 eioe
964 2834 1146 2879 vitam.
1160 2879 1170 2887 ,,

481 2906 550 2950 73.
575 2907 660 2958 ut,
700 2916 725 2948 ‹
754 2904 870 2949 dato
910 2918 1036 2959 pure
1079 2905 1168 2949 che
1198 2916 1252 2959 >3
1279 2906 1531 2959 considat,
1561 2918 1584 2949 <
1629 2905 1669 2951 si
1713 2906 1876 2960 calmi,
1904 2907 1944 2951 si
1976 2906 2110 2961 quoti
2141 2917 2192 2962 >3
2215 2907 2525 2962 ferentibus,

371 2987 398 3019 ‹
427 2975 703 3020 favorevoli
731 2986 771 3019 ›.
1250 2986 1256 2992 ·

480 3048 549 3090 75.
569 3046 864 3100 parandi
905 3045 1121 3100 dipende
1150 3045 1215 3091 da
1243 3047 1446 3100 avidus,
1474 3047 1647 3092 latum
1676 3047 1923 3092 concorda
1951 3061 2043 3093 eon
2072 3061 2284 3104 aequor.

480 3118 549 3161 76.
575 3117 913 3162 mutandis
952 3117 1283 3170 mercibus,
1313 3129 1338 3161 ‹
1365 3130 1458 3171 per
1486 3116 1824 3171 speculazioni
1856 3118 2188 3165 commerciali
2209 3130 2247 3173 >;
2266 3133 2375 3175 aro,
2392 3134 2415 3165 <
2435 3136 2525 3167 na-

370 3187 490 3239 vigo
517 3196 543 3229 ›
574 3186 802 3232 andando
832 3190 960 3232 sotto
982 3200 1009 3231 e
1038 3200 1203 3241 sopra.

478 3259 548 3304 77.
576 3257 930 3312 studiosus,
971 3271 994 3301 ‹
1023 3271 1114 3312 per
1141 3258 1345 3311 ragione
1381 3257 1447 3303 od
1482 3272 1650 3304 amore
1679 3258 1730 3304 di
1760 3258 1922 3304 studio
1951 3270 1992 3304 ›.
2032 3282 2084 3292 —
2111 3259 2428 3307 Athenas:
2455 3263 2519 3308 da

370 3330 551 3381 questo
580 3327 729 3379 luogo
759 3327 1023 3382 apparisce
1053 3326 1142 3372 che
1173 3326 1350 3374 Ovidio
1378 3328 1432 3373 fu
1460 3328 1591 3374 colto
1620 3328 1756 3374 dalla
1785 3333 2046 3385 tempesta,
2063 3334 2250 3375 mentre
2273 3331 2522 3384 navigava

368 3411 466 3452 per
491 3398 530 3442 il
559 3411 695 3442 mare
724 3397 995 3445 Adriatico.

478 3471 546 3514 78.
570 3481 697 3513 non
752 3469 894 3514 loca
937 3471 1082 3524 visa,
1121 3469 1226 3514 scil.
1259 3474 1412 3527 peto,
1454 3471 1638 3525 perche
1683 3471 1782 3524 egli
1829 3484 1986 3516 aveva
2026 3471 2279 3524 viaggiato
2320 3472 2404 3526 gia
2429 3486 2523 3528 per

368 3539 529 3584 l'Asia
557 3539 608 3583 in
636 3540 935 3594 compagnia
963 3539 1013 3584 di
1050 3540 1312 3595 Massim03
1352 3541 1441 3586 cfr.
1482 3542 1634 3587 Pont.
1662 3545 1702 3597 2,
1731 3544 1797 3597 10,
1823 3544 1873 3586 21
1896 3556 1907 3587 :
1952 3546 2000 3587 te
2042 3543 2182 3597 duce,
2208 3545 2520 3601 magmifleas

371 3610 541 3655 Asiae
562 3611 936 3665 perspeximus
962 3612 1133 3656 urbes.

479 3684 546 3727 79.
573 3680 737 3726 Alea>
749 3682 943 3727 andri
983 3683 1216 3737 urbem,
1241 3683 1567 3729 Alessandria
1595 3684 1825 3737 d'Egitto‚
1864 3683 1986 3729 citta
2015 3684 2185 3731 dedita
2222 3687 2270 3731 al
2297 3687 2431 3733 lnsso
2460 3690 2522 3733 ed

366 3764 421 3793 ai
457 3763 665 3804 piaeeri.

481 3822 550 3865 80.
581 3823 800 3876 iocose,
842 3836 865 3867 <
899 3824 1180 3869 voluttuoso
1214 3835 1254 3866 ›.

476 3892 547 3934 81.
579 3893 758 3945 quod,
804 3905 828 3936 ‹
857 3893 907 3937 la
933 3894 1137 3946 ragione
1166 3909 1256 3949 per
1285 3896 1364 3940 cui
1393 3907 1431 3940 ›.
1459 3919 1512 3927 —-
1533 3896 1793 3951 faciles,
1825 3909 1849 3941 ‹
1869 3898 2080 3952 propizii
2101 3908 2139 3943 >.

481 3958 552 4001 82.
582 3959 927 4017 Sarmatis,
954 3976 1095 4018 nom.‚
1120 3965 1171 4009 la
1198 3965 1449 4011 Sal-mazia
1475 3971 1624 4020 posta
1642 3971 1720 4011 tra
1752 3967 1987 4023 l'Europa
2016 3982 2043 4014 e
2071 3969 2239 4014 l'Asia.
