2840 4464
1271 216 1461 258 LIBER
1496 217 1559 258 11.

512 321 666 388 Haec
707 331 798 387 est
841 321 1103 389 Ausonio
1147 322 1260 389 sub
1305 322 1439 389 iure
1485 322 1836 400 novissima,
1858 318 2107 410 'vixque

598 423 809 490 haeret
850 422 915 489 in
960 423 1205 510 imperii
1250 425 1528 511 margine
1574 433 1736 491 terra
1776 424 1883 491 tui.

511 525 681 593 Unde
724 546 939 612 precor
981 529 1260 614 supplex,
1305 536 1374 593 ut
1418 546 1530 592 nos
1576 527 1640 593 in
1686 537 1815 594 tuta
1860 530 1947 594 rel

595 649 674 696 ne
717 629 795 694 sit
836 650 973 709 cum
1017 629 1215 717 patria
1248 650 1369 718 pax
1414 650 1656 716 quoque
1699 630 1951 716 adempt

514 751 592 798 ne
633 733 885 799 timeam
927 743 1155 820 genteS,
1188 753 1339 819 quas
1382 753 1508 799 non
1554 732 1711 800 bene
1755 753 1951 799 summ

596 856 752 902 neve
795 846 934 903 tuus
977 836 1204 922 possim
1247 835 1396 902 civis
1440 835 1517 901 ab
1563 835 1735 903 hoste
1778 836 1929 922 capi.

508 937 618 1004 Fas
645 938 941 1025 prohi‘bet
968 938 1135 1004 Latio
1167 959 1541 1026 quemquam
1571 938 1648 1004 de
1678 939 1951 1026 sanguin«

593 1040 947 1109 Caesaribus
991 1042 1193 1120 salviS‚
1242 1041 1503 1108 barbara
1546 1041 1747 1107 vincla
1790 1041 1936 1128 pati.

513 1142 897 1210 Perdiderint
938 1164 1075 1211 cum
1121 1165 1220 1211 me
1264 1143 1385 1210 duo
1428 1144 1705 1223 crimina,
1741 1164 1951 1210 carme:

596 1246 851 1314 alteri‘us
895 1247 1029 1313 facti
1077 1248 1254 1333 culpa
1297 1246 1533 1312 silenda
1578 1247 1763 1312 mihi:

513 1370 656 1416 nam
686 1371 810 1417 non
840 1371 977 1417 sum
1006 1351 1181 1429 tanti,
1215 1350 1508 1416 renovem
1536 1359 1605 1416 ut
1633 1360 1736 1416 tua
1757 1351 1947 1417 vulne

594 1474 778 1540 quem
823 1453 1013 1519 nimio
1057 1454 1196 1541 plus
1240 1463 1332 1520 est
1374 1452 1708 1520 indoluisse
1745 1456 1951 1519 semel.

508 1555 709 1640 Altera
751 1577 895 1642 pars
940 1566 1234 1643 superest,
1281 1577 1400 1642 qua
1445 1556 1611 1641 turpi
1656 1555 1927 1622 carmine

593 1641 816 1747 arguor
857 1659 1100 1726 obsceni
1146 1659 1354 1726 doctor
1396 1658 1701 1726 adulterii.

395 1831 403 1839 ,
504 1763 614 1829 Fas
658 1784 800 1850 ergo
845 1772 935 1830 est
978 1763 1181 1848 aliqua
1224 1762 1503 1828 caelestia
1549 1771 1789 1847 pectora
1837 1761 1951 1827 falli

587 1875 649 1933 et
691 1874 834 1933 sunt
878 1863 1091 1931 notitia
1135 1866 1328 1932 multa
1376 1865 1615 1930 minora
1662 1869 1803 1930 tua?

505 1977 693 2055 utque
737 1968 880 2035 deos
922 1970 1278 2054 caelumque
1323 1968 1508 2034 simul
1553 1966 1816 2033 sublime
1859 1975 1951 2032 tue

416 2165 506 2209 199.
531 2164 838 2220 Ausonio,
865 2164 999 2210 ossia
1023 2166 1204 2210 italico
1214 2178 1232 2220 ,·
1257 2165 1561 2217 novissima,
1589 2176 1613 2208 ‹
1641 2162 1829 2217 ultima,
1857 2165 1951 2209 estr

413 2239 508 2282 200.
533 2238 779 2291 haeret,
807 2250 831 2282 ‹
860 2240 937 2283 sta
964 2236 1135 2293 ferma,
1162 2237 1431 2292 congiunta
1458 2247 1497 2281 ›.

413 2309 506 2352 202.
526 2321 681 2364 pam,
709 2320 734 2351 <
761 2308 811 2353 la
837 2307 941 2354 vita
969 2308 1239 2364 tranquilla
1267 2322 1294 2353 e
1323 2307 1489 2353 sicui-a
1517 2318 1555 2351 ›.

411 2379 507 2423 203.
531 2390 653 2423 non
690 2379 839 2424 bene
874 2382 1244 2434 summovet,
1271 2390 1296 2422 ‹
1323 2392 1420 2423 non
1451 2377 1594 2423 basta
1622 2390 1651 2422 a
1680 2380 1848 2422 tenere
1882 2388 1951 2422 co]

334 2452 440 2494 rate
468 2461 497 2494 o
525 2449 724 2495 lontane
751 2460 793 2493 ›.

411 2521 504 2564 204.
530 2532 678 2565 neve
705 2520 815 2565 vale
845 2524 894 2565 et
919 2533 1000 2565 no.
1027 2543 1081 2551 —
1109 2521 1290 2575 civis,
1319 2533 1343 2565 ‹
1372 2518 1705 2565 concittadino
1736 2529 1774 2563 ›.

411 2592 506 2636 205.
535 2604 914 2647 quemquam
942 2590 968 2636 e
998 2604 1136 2645 δοες.
1165 2591 1213 2635 di
1234 2592 1372 2647 pati.

409 2663 503 2707 207.
530 2674 785 2708 carmon
821 2666 879 2707 ot
915 2675 1099 2708 orror
1139 2662 1166 2707 ὸ
1206 2662 1577 2716 propriamentc
1619 2660 1909 2707 un'endiadi
1944 2677 1951 2704 ι

330 2734 504 2778 minis.
531 2733 629 2778 L'a.
655 2732 793 2788 pero,
819 2732 1008 2778 indotto
1038 2734 1258 2787 dall’uso,
1285 2732 1544 2777 considera
1573 2732 1590 2777 i
1620 2732 1714 2777 due
1743 2731 1938 2776 termini

331 2804 359 2849 e
388 2803 554 2849 chiaro
584 2804 673 2850 che
701 2817 852 2850 error
875 2816 974 2850 non
1001 2802 1102 2859 pub
1132 2817 1278 2849 avere
1308 2803 1358 2848 di
1385 2817 1477 2858 per
1510 2803 1562 2849 se
1602 2805 1729 2848 altro
1768 2801 1951 2856 signific

330 2874 420 2920 che
449 2875 520 2929 gli
548 2875 776 2921 abbiamo
805 2874 1061 2921 attribuito
1089 2875 1171 2921 nei
1197 2874 1329 2920 versi
1357 2877 1437 2921 103
1470 2888 1496 2920 e
1534 2888 1684 2929 segg„
1717 2873 1951 2919 d’indicai

328 2945 702 2992 l’osservazione
730 2946 857 2992 satta
886 2946 965 2991 dal
1003 2950 1155 3002 poeta
1183 2946 1263 2991 dei
1290 2946 1408 2990 mali
1438 2958 1464 2990 e
1494 2946 1627 2990 della
1659 2944 1943 2990 corruzione

329 3016 500 3062 Roma.

409 3089 505 3131 208.
535 3087 818 3132 alteriue
847 3088 884 3142 s
889 3087 1020 3132 acti
1031 3120 1042 3142 ‚
1071 3087 1203 3132 della
1230 3086 1513 3132 corruzione
1542 3087 1778 3132 Romana.

409 3160 503 3204 209.
528 3171 650 3204 non
685 3171 823 3203 sum
860 3160 1055 3213 tanti,
1081 3171 1106 3202 <
1132 3171 1231 3203 non
1260 3157 1322 3203 ho
1353 3158 1387 3202 il
1418 3157 1586 3203 diritto
1614 3168 1653 3213 ›‚
1682 3162 1868 3203 mentre
1894 3172 1948 3204 so

329 3242 502 3275 cusare
531 3228 602 3283 gli
629 3228 756 3274 altri.
783 3253 836 3260 —
865 3233 977 3274 tua
1013 3230 1314 3274 vulnera:
1338 3228 1372 3274 il
1402 3232 1487 3274 tuo
1518 3242 1665 3274 cuore
1696 3228 1743 3273 di
1773 3242 1949 3274 sovran

326 3298 460 3345 blica
489 3298 799 3345 immor-alita.

408 3372 503 3415 212.
532 3371 766 3425 doctor,
795 3382 819 3414 ‹
847 3372 1059 3415 maestro
1089 3380 1128 3414 ›.

407 3444 501 3487 213.
521 3442 633 3498 sas
671 3454 840 3497 erqo:
894 3440 1092 3495 dunque
1133 3454 1348 3495 possono
1390 3440 1442 3486 in
1485 3441 1693 3496 qualche
1736 3441 1880 3487 modo
1915 3456 1943 3487 o

325 3512 545 3568 (aliqua)
586 3512 871 3566 ingannarsi
913 3511 1068 3558 anche
1112 3512 1180 3565 gli
1218 3512 1369 3557 animi
1397 3511 1604 3557 celesti?
1634 3512 1741 3557 dice
1772 3512 1951 3558 adulat<

325 3584 640 3630 accennando
671 3583 734 3629 ad
762 3583 1002 3638 Augusto,
1029 3582 1119 3628 che
1141 3583 1250 3629 erro
1270 3582 1516 3629 credendo
1537 3583 1625 3628 che
1656 3583 1829 3629 Ovidio
1849 3584 1892 3629 si
1910 3583 1951 3629 fc

324 3654 633 3701 incriminato
663 3656 839 3701 doctor
880 3656 1083 3701 obsceni
1125 3655 1392 3707 adulterii,
1430 3654 1510 3700 del
1540 3654 1628 3700 che
1660 3655 1758 3708 egli
1789 3668 1934 3701 cerea

325 3726 568 3779 eeguenti.

404 3800 498 3842 214.
525 3800 676 3842 sunt
713 3798 991 3842 minora:
1022 3797 1265 3851 sfuggono
1293 3809 1384 3851 per
1403 3798 1454 3841 la
1473 3797 1578 3843 loro
1598 3797 1878 3851 piccolezzu
1901 3796 1948 3841 al

406 3870 500 3913 215.
529 3867 706 3913 Costr.:
734 3871 782 3912 et
818 3871 879 3912 ut
907 3880 1012 3913 non
1052 3872 1208 3913 vacat
1253 3872 1294 3919 (‹
1322 3881 1419 3913 non
1450 3867 1514 3912 ha
1543 3871 1707 3921 tempo
1738 3870 1781 3920 ›)
1811 3866 1934 3922 Iovi,

325 3942 374 3984 et
401 3938 607 3984 caelum
633 3938 872 3993 sublime,
905 3939 1090 3983 adesse
1118 3952 1190 3984 ex.
1218 3951 1262 3984 r.

2413 204 2481 257 63

2356 426 2481 491 200
