<?xml version="1.0" encoding="UTF-8"?>
<!DOCTYPE html PUBLIC "-//W3C//DTD XHTML 1.0 Transitional//EN"
    "http://www.w3.org/TR/xhtml1/DTD/xhtml1-transitional.dtd">
<html xmlns="http://www.w3.org/1999/xhtml" xml:lang="en" lang="en">
 <head>
  <title>
</title>
<meta http-equiv="Content-Type" content="text/html;charset=utf-8" />
  <meta name='ocr-system' content='tesseract 3.04.00' />
  <meta name='ocr-capabilities' content='ocr_page ocr_carea ocr_par ocr_line ocrx_word'/>
</head>
<body>
  <div class='ocr_page' id='page_1' title='image "./povidinasonistr00enrigoog_0069.png"; bbox 0 0 2840 4464; ppageno 0'>
   <div class='ocr_carea' id='block_1_1' title="bbox 1213 236 2412 293">
    <p class='ocr_par' dir='ltr' id='par_1_1' title="bbox 1213 236 2412 293">
     <span class='ocr_line' id='line_1_1' title="bbox 1213 236 2412 293; baseline -0.001 -2"><span class='ocrx_word' id='word_1_1' title='bbox 1213 250 1401 293; x_wconf 69' lang='lat' dir='ltr'><strong>mmm</strong></span> <span class='ocrx_word' id='word_1_2' title='bbox 1436 253 1499 293; x_wconf 94' lang='lat'><strong>11.</strong></span> <span class='ocrx_word' id='word_1_3' title='bbox 2350 236 2412 291; x_wconf 91' lang='lat'><strong>61</strong></span> 
     </span>
    </p>
   </div>
   <div class='ocr_carea' id='block_1_2' title="bbox 440 354 2411 2191">
    <p class='ocr_par' dir='ltr' id='par_1_2' title="bbox 440 354 2411 2191">
     <span class='ocr_line' id='line_1_2' title="bbox 446 354 1940 440; baseline 0.001 -20"><span class='ocrx_word' id='word_1_4' title='bbox 446 374 602 440; x_wconf 84' lang='lat' dir='ltr'><strong>quae</strong></span> <span class='ocrx_word' id='word_1_5' title='bbox 644 354 696 420; x_wconf 89' lang='lat' dir='ltr'><strong>si</strong></span> <span class='ocrx_word' id='word_1_6' title='bbox 741 375 865 421; x_wconf 89' lang='lat' dir='ltr'><strong>non</strong></span> <span class='ocrx_word' id='word_1_7' title='bbox 910 365 1086 434; x_wconf 85' lang='lat' dir='ltr'><strong>esset,</strong></span> <span class='ocrx_word' id='word_1_8' title='bbox 1130 358 1365 423; x_wconf 85' lang='lat' dir='ltr'><strong>caelebs</strong></span> <span class='ocrx_word' id='word_1_9' title='bbox 1408 367 1470 424; x_wconf 84' lang='lat' dir='ltr'><strong>te</strong></span> <span class='ocrx_word' id='word_1_10' title='bbox 1513 357 1637 424; x_wconf 83' lang='lat' dir='ltr'><strong>vita</strong></span> <span class='ocrx_word' id='word_1_11' title='bbox 1681 357 1940 436; x_wconf 81' lang='lat' dir='ltr'><strong>deceret,</strong></span> 
     </span>
     <span class='ocr_line' id='line_1_3' title="bbox 531 460 1941 547; baseline 0.003 -25"><span class='ocrx_word' id='word_1_12' title='bbox 531 460 843 545; x_wconf 84' lang='lat' dir='ltr'><strong>nullaque,</strong></span> <span class='ocrx_word' id='word_1_13' title='bbox 888 460 984 526; x_wconf 90' lang='lat' dir='ltr'><strong>cui</strong></span> <span class='ocrx_word' id='word_1_14' title='bbox 1027 480 1234 547; x_wconf 87' lang='lat' dir='ltr'><strong>posses</strong></span> <span class='ocrx_word' id='word_1_15' title='bbox 1277 481 1408 528; x_wconf 87' lang='lat' dir='ltr'><strong>esse</strong></span> <span class='ocrx_word' id='word_1_16' title='bbox 1452 461 1726 541; x_wconf 81' lang='lat' dir='ltr'><strong>marituS,</strong></span> <span class='ocrx_word' id='word_1_17' title='bbox 1772 470 1941 528; x_wconf 86' lang='lat' dir='ltr'><strong>erat:</strong></span> 
     </span>
     <span class='ocr_line' id='line_1_4' title="bbox 441 560 2411 650; baseline 0.002 -25"><span class='ocrx_word' id='word_1_18' title='bbox 441 561 666 646; x_wconf 88' lang='lat' dir='ltr'><strong>sospite</strong></span> <span class='ocrx_word' id='word_1_19' title='bbox 708 560 787 626; x_wconf 88' lang='lat' dir='ltr'><strong>sit</strong></span> <span class='ocrx_word' id='word_1_20' title='bbox 829 571 1029 629; x_wconf 86' lang='lat' dir='ltr'><strong>tecum</strong></span> <span class='ocrx_word' id='word_1_21' title='bbox 1072 572 1254 630; x_wconf 82' lang='lat' dir='ltr'><strong>natus</strong></span> <span class='ocrx_word' id='word_1_22' title='bbox 1295 584 1538 650; x_wconf 91' lang='lat' dir='ltr'><strong>quoque</strong></span> <span class='ocrx_word' id='word_1_23' title='bbox 1582 583 1806 649; x_wconf 82' lang='lat' dir='ltr'><strong>sospeS,</strong></span> <span class='ocrx_word' id='word_1_24' title='bbox 1853 573 1914 629; x_wconf 89' lang='lat' dir='ltr'><strong>et</strong></span> <span class='ocrx_word' id='word_1_25' title='bbox 1957 563 2107 630; x_wconf 91' lang='lat' dir='ltr'><strong>olim</strong></span> <span class='ocrx_word' id='word_1_26' title='bbox 2293 564 2411 629; x_wconf 77' lang='grc'><strong>165</strong></span> 
     </span>
     <span class='ocr_line' id='line_1_5' title="bbox 530 663 1966 750; baseline 0.003 -23"><span class='ocrx_word' id='word_1_27' title='bbox 530 663 860 749; x_wconf 88' lang='lat' dir='ltr'><strong>imperium</strong></span> <span class='ocrx_word' id='word_1_28' title='bbox 907 675 1074 750; x_wconf 78' lang='lat' dir='ltr'><strong>regat</strong></span> <span class='ocrx_word' id='word_1_29' title='bbox 1118 667 1232 732; x_wconf 89' lang='lat' dir='ltr'><strong>hoc</strong></span> <span class='ocrx_word' id='word_1_30' title='bbox 1273 686 1413 732; x_wconf 91' lang='lat' dir='ltr'><strong>cum</strong></span> <span class='ocrx_word' id='word_1_31' title='bbox 1457 666 1698 734; x_wconf 88' lang='lat' dir='ltr'><strong>seniore</strong></span> <span class='ocrx_word' id='word_1_32' title='bbox 1741 686 1966 733; x_wconf 86' lang='lat' dir='ltr'><strong>senex:</strong></span> 
     </span>
     <span class='ocr_line' id='line_1_6' title="bbox 443 766 1934 855; baseline 0.003 -25"><span class='ocrx_word' id='word_1_33' title='bbox 443 775 513 831; x_wconf 79' lang='lat' dir='ltr'><strong>ut</strong></span> <span class='ocrx_word' id='word_1_34' title='bbox 555 766 902 853; x_wconf 84' lang='lat' dir='ltr'><strong>faciuntque</strong></span> <span class='ocrx_word' id='word_1_35' title='bbox 944 768 1054 848; x_wconf 82' lang='lat' dir='ltr'><strong>tui,</strong></span> <span class='ocrx_word' id='word_1_36' title='bbox 1100 768 1266 835; x_wconf 88' lang='lat' dir='ltr'><strong>sidus</strong></span> <span class='ocrx_word' id='word_1_37' title='bbox 1310 769 1615 848; x_wconf 84' lang='lat' dir='ltr'><strong>iuvenale,</strong></span> <span class='ocrx_word' id='word_1_38' title='bbox 1662 778 1934 855; x_wconf 82' lang='lat' dir='ltr'><strong>nepoteS,</strong></span> 
     </span>
     <span class='ocr_line' id='line_1_7' title="bbox 531 871 1936 959; baseline 0.003 -26"><span class='ocrx_word' id='word_1_39' title='bbox 531 889 645 954; x_wconf 89' lang='lat' dir='ltr'><strong>per</strong></span> <span class='ocrx_word' id='word_1_40' title='bbox 687 879 790 936; x_wconf 83' lang='lat' dir='ltr'><strong>tua</strong></span> <span class='ocrx_word' id='word_1_41' title='bbox 833 890 1066 957; x_wconf 84' lang='lat' dir='ltr'><strong>perque</strong></span> <span class='ocrx_word' id='word_1_42' title='bbox 1109 871 1201 937; x_wconf 88' lang='lat' dir='ltr'><strong>sui</strong></span> <span class='ocrx_word' id='word_1_43' title='bbox 1246 872 1397 937; x_wconf 83' lang='lat' dir='ltr'><strong>facta</strong></span> <span class='ocrx_word' id='word_1_44' title='bbox 1441 871 1713 959; x_wconf 84' lang='lat' dir='ltr'><strong>parentis</strong></span> <span class='ocrx_word' id='word_1_45' title='bbox 1756 881 1936 938; x_wconf 83' lang='lat' dir='ltr'><strong>eant:</strong></span> 
     </span>
     <span class='ocr_line' id='line_1_8' title="bbox 445 970 1828 1060; baseline 0.002 -24"><span class='ocrx_word' id='word_1_46' title='bbox 445 970 529 1037; x_wconf 87' lang='lat' dir='ltr'><strong>sic</strong></span> <span class='ocrx_word' id='word_1_47' title='bbox 571 971 817 1039; x_wconf 81' lang='lat' dir='ltr'><strong>adsueta</strong></span> <span class='ocrx_word' id='word_1_48' title='bbox 861 973 981 1040; x_wconf 89' lang='lat' dir='ltr'><strong>tuis</strong></span> <span class='ocrx_word' id='word_1_49' title='bbox 1026 993 1270 1060; x_wconf 87' lang='lat' dir='ltr'><strong>semper</strong></span> <span class='ocrx_word' id='word_1_50' title='bbox 1314 974 1574 1040; x_wconf 83' lang='lat' dir='ltr'>Victoria</span> <span class='ocrx_word' id='word_1_51' title='bbox 1619 974 1828 1040; x_wconf 84' lang='lat' dir='ltr'><strong>castris</strong></span> 
     </span>
     <span class='ocr_line' id='line_1_9' title="bbox 529 1076 2410 1165; baseline 0.001 -26"><span class='ocrx_word' id='word_1_52' title='bbox 529 1093 693 1141; x_wconf 88' lang='lat' dir='ltr'><strong>nunc</strong></span> <span class='ocrx_word' id='word_1_53' title='bbox 736 1095 977 1162; x_wconf 88' lang='lat' dir='ltr'><strong>quoque</strong></span> <span class='ocrx_word' id='word_1_54' title='bbox 1021 1096 1085 1141; x_wconf 87' lang='lat' dir='ltr'><strong>se</strong></span> <span class='ocrx_word' id='word_1_55' title='bbox 1128 1087 1395 1163; x_wconf 83' lang='lat' dir='ltr'><strong>praestet</strong></span> <span class='ocrx_word' id='word_1_56' title='bbox 1439 1087 1703 1163; x_wconf 85' lang='lat' dir='ltr'><strong>notaque</strong></span> <span class='ocrx_word' id='word_1_57' title='bbox 1747 1077 1916 1165; x_wconf 83' lang='lat' dir='ltr'><strong>signa</strong></span> <span class='ocrx_word' id='word_1_58' title='bbox 1959 1086 2144 1164; x_wconf 80' lang='lat' dir='ltr'><strong>petat,</strong></span> <span class='ocrx_word' id='word_1_59' title='bbox 2289 1076 2410 1141; x_wconf 84' lang='lat'><strong>170</strong></span> 
     </span>
     <span class='ocr_line' id='line_1_10' title="bbox 445 1177 1998 1264; baseline 0.004 -25"><span class='ocrx_word' id='word_1_60' title='bbox 445 1177 898 1264; x_wconf 88' lang='lat' dir='ltr'><strong>Ausoniumque</strong></span> <span class='ocrx_word' id='word_1_61' title='bbox 941 1178 1155 1245; x_wconf 91' lang='lat' dir='ltr'><strong>ducem</strong></span> <span class='ocrx_word' id='word_1_62' title='bbox 1201 1180 1390 1245; x_wconf 88' lang='lat' dir='ltr'><strong>solitis</strong></span> <span class='ocrx_word' id='word_1_63' title='bbox 1435 1179 1826 1247; x_wconf 68' lang='lat' dir='ltr'><strong>circumvolet</strong></span> <span class='ocrx_word' id='word_1_64' title='bbox 1867 1179 1998 1259; x_wconf 83' lang='lat' dir='ltr'><strong>aliS,</strong></span> 
     </span>
     <span class='ocr_line' id='line_1_11' title="bbox 528 1281 1866 1366; baseline 0.002 -21"><span class='ocrx_word' id='word_1_65' title='bbox 528 1290 717 1366; x_wconf 87' lang='lat' dir='ltr'><strong>ponat</strong></span> <span class='ocrx_word' id='word_1_66' title='bbox 760 1290 821 1347; x_wconf 89' lang='lat' dir='ltr'><strong>et</strong></span> <span class='ocrx_word' id='word_1_67' title='bbox 863 1281 928 1347; x_wconf 92' lang='lat' dir='ltr'><strong>in</strong></span> <span class='ocrx_word' id='word_1_68' title='bbox 975 1281 1167 1348; x_wconf 73' lang='lat' dir='ltr'><strong>nitida</strong></span> <span class='ocrx_word' id='word_1_69' title='bbox 1212 1282 1422 1349; x_wconf 49' lang='lat' dir='ltr'><strong>laurea</strong></span> <span class='ocrx_word' id='word_1_70' title='bbox 1466 1293 1626 1350; x_wconf 87' lang='lat' dir='ltr'><strong>serta</strong></span> <span class='ocrx_word' id='word_1_71' title='bbox 1669 1296 1866 1350; x_wconf 66' lang='lat' dir='ltr'><strong>come:</strong></span> 
     </span>
     <span class='ocr_line' id='line_1_12' title="bbox 443 1383 2215 1473; baseline 0.002 -26"><span class='ocrx_word' id='word_1_72' title='bbox 443 1402 558 1468; x_wconf 89' lang='lat' dir='ltr'><strong>per</strong></span> <span class='ocrx_word' id='word_1_73' title='bbox 600 1402 782 1468; x_wconf 88' lang='lat' dir='ltr'><strong>quem</strong></span> <span class='ocrx_word' id='word_1_74' title='bbox 828 1383 988 1450; x_wconf 84' lang='lat' dir='ltr'><strong>bella</strong></span> <span class='ocrx_word' id='word_1_75' title='bbox 1029 1385 1207 1472; x_wconf 81' lang='lat' dir='ltr'><strong>geriS‚</strong></span> <span class='ocrx_word' id='word_1_76' title='bbox 1253 1386 1424 1452; x_wconf 87' lang='lat' dir='ltr'><strong>cuius</strong></span> <span class='ocrx_word' id='word_1_77' title='bbox 1460 1405 1624 1452; x_wconf 92' lang='lat' dir='ltr'><strong>nunc</strong></span> <span class='ocrx_word' id='word_1_78' title='bbox 1666 1405 1918 1473; x_wconf 89' lang='lat' dir='ltr'><strong>corpore</strong></span> <span class='ocrx_word' id='word_1_79' title='bbox 1960 1405 2215 1473; x_wconf 59' lang='lat' dir='ltr'><strong>pugnam,</strong></span> 
     </span>
     <span class='ocr_line' id='line_1_13' title="bbox 527 1485 1939 1575; baseline 0.001 -25"><span class='ocrx_word' id='word_1_80' title='bbox 527 1485 863 1571; x_wconf 80' lang='lat' dir='ltr'>auspicium</span> <span class='ocrx_word' id='word_1_81' title='bbox 907 1486 1002 1553; x_wconf 89' lang='lat' dir='ltr'><strong>cui</strong></span> <span class='ocrx_word' id='word_1_82' title='bbox 1048 1487 1154 1553; x_wconf 83' lang='lat' dir='ltr'><strong>das</strong></span> <span class='ocrx_word' id='word_1_83' title='bbox 1196 1487 1429 1575; x_wconf 84' lang='lat' dir='ltr'><strong>grande</strong></span> <span class='ocrx_word' id='word_1_84' title='bbox 1465 1488 1730 1574; x_wconf 85' lang='lat' dir='ltr'><strong>deosque</strong></span> <span class='ocrx_word' id='word_1_85' title='bbox 1774 1498 1939 1555; x_wconf 82' lang='lat' dir='ltr'><strong>tuos:</strong></span> 
     </span>
     <span class='ocr_line' id='line_1_14' title="bbox 443 1587 2405 1677; baseline 0 -24"><span class='ocrx_word' id='word_1_86' title='bbox 443 1587 819 1674; x_wconf 88' lang='lat' dir='ltr'><strong>dimidioque</strong></span> <span class='ocrx_word' id='word_1_87' title='bbox 862 1590 950 1656; x_wconf 85' lang='lat' dir='ltr'><strong>tui</strong></span> <span class='ocrx_word' id='word_1_88' title='bbox 996 1611 1288 1676; x_wconf 80' lang='lat' dir='ltr'><strong>praesens</strong></span> <span class='ocrx_word' id='word_1_89' title='bbox 1332 1601 1392 1658; x_wconf 88' lang='lat' dir='ltr'><strong>et</strong></span> <span class='ocrx_word' id='word_1_90' title='bbox 1440 1591 1691 1677; x_wconf 71' lang='lat' dir='ltr'><strong>respicis</strong></span> <span class='ocrx_word' id='word_1_91' title='bbox 1735 1591 1974 1669; x_wconf 90' lang='lat' dir='ltr'><strong>urbem,</strong></span> <span class='ocrx_word' id='word_1_92' title='bbox 2288 1591 2405 1654; x_wconf 83' lang='lat'><strong>175</strong></span> 
     </span>
     <span class='ocr_line' id='line_1_15' title="bbox 528 1691 1931 1781; baseline 0.003 -26"><span class='ocrx_word' id='word_1_93' title='bbox 528 1691 781 1758; x_wconf 90' lang='lat' dir='ltr'><strong>dimidio</strong></span> <span class='ocrx_word' id='word_1_94' title='bbox 824 1696 1034 1779; x_wconf 85' lang='lat' dir='ltr'><strong>procul</strong></span> <span class='ocrx_word' id='word_1_95' title='bbox 1080 1715 1145 1760; x_wconf 87' lang='lat' dir='ltr'><strong>es</strong></span> <span class='ocrx_word' id='word_1_96' title='bbox 1189 1714 1491 1780; x_wconf 83' lang='lat' dir='ltr'><strong>saevaque</strong></span> <span class='ocrx_word' id='word_1_97' title='bbox 1536 1694 1697 1761; x_wconf 84' lang='lat' dir='ltr'><strong>bella</strong></span> <span class='ocrx_word' id='word_1_98' title='bbox 1737 1694 1931 1781; x_wconf 85' lang='lat' dir='ltr'><strong>geris:</strong></span> 
     </span>
     <span class='ocr_line' id='line_1_16' title="bbox 445 1791 2000 1881; baseline 0.003 -24"><span class='ocrx_word' id='word_1_99' title='bbox 445 1791 543 1858; x_wconf 89' lang='lat' dir='ltr'><strong>hic</strong></span> <span class='ocrx_word' id='word_1_100' title='bbox 585 1791 693 1858; x_wconf 89' lang='lat' dir='ltr'><strong>tibi</strong></span> <span class='ocrx_word' id='word_1_101' title='bbox 740 1793 825 1858; x_wconf 89' lang='lat' dir='ltr'><strong>sic</strong></span> <span class='ocrx_word' id='word_1_102' title='bbox 871 1793 1078 1860; x_wconf 84' lang='lat' dir='ltr'><strong>redeat</strong></span> <span class='ocrx_word' id='word_1_103' title='bbox 1123 1804 1406 1881; x_wconf 84' lang='lat' dir='ltr'><strong>superato</strong></span> <span class='ocrx_word' id='word_1_104' title='bbox 1452 1795 1643 1861; x_wconf 88' lang='lat' dir='ltr'><strong>victor</strong></span> <span class='ocrx_word' id='word_1_105' title='bbox 1686 1795 1763 1861; x_wconf 83' lang='lat' dir='ltr'><strong>ab</strong></span> <span class='ocrx_word' id='word_1_106' title='bbox 1810 1795 2000 1874; x_wconf 82' lang='lat' dir='ltr'><strong>hoste,</strong></span> 
     </span>
     <span class='ocr_line' id='line_1_17' title="bbox 526 1895 1770 1985; baseline 0.003 -26"><span class='ocrx_word' id='word_1_107' title='bbox 526 1895 713 1982; x_wconf 90' lang='lat' dir='ltr'><strong>inque</strong></span> <span class='ocrx_word' id='word_1_108' title='bbox 755 1897 1055 1963; x_wconf 80' lang='lat' dir='ltr'><strong>coronatis</strong></span> <span class='ocrx_word' id='word_1_109' title='bbox 1099 1896 1324 1985; x_wconf 85' lang='lat' dir='ltr'><strong>fulgeat</strong></span> <span class='ocrx_word' id='word_1_110' title='bbox 1368 1899 1526 1965; x_wconf 83' lang='lat' dir='ltr'><strong>altus</strong></span> <span class='ocrx_word' id='word_1_111' title='bbox 1569 1898 1770 1984; x_wconf 88' lang='lat' dir='ltr'><strong>equis:</strong></span> 
     </span>
     <span class='ocr_line' id='line_1_18' title="bbox 440 1998 2249 2086; baseline 0.004 -24"><span class='ocrx_word' id='word_1_112' title='bbox 440 2016 637 2083; x_wconf 84' lang='lat' dir='ltr'><strong>parce,</strong></span> <span class='ocrx_word' id='word_1_113' title='bbox 669 2018 900 2084; x_wconf 87' lang='lat' dir='ltr'><strong>precor,</strong></span> <span class='ocrx_word' id='word_1_114' title='bbox 934 1998 1290 2086; x_wconf 84' lang='lat' dir='ltr'><strong>fulmenque</strong></span> <span class='ocrx_word' id='word_1_115' title='bbox 1320 2010 1515 2079; x_wconf 81' lang='lat' dir='ltr'><strong>tuum,</strong></span> <span class='ocrx_word' id='word_1_116' title='bbox 1554 2000 1682 2066; x_wconf 86' lang='lat' dir='ltr'><strong>fera</strong></span> <span class='ocrx_word' id='word_1_117' title='bbox 1711 2002 1851 2077; x_wconf 81' lang='lat' dir='ltr'><strong>tela,</strong></span> <span class='ocrx_word' id='word_1_118' title='bbox 1885 2001 2143 2068; x_wconf 81' lang='lat' dir='ltr'><strong>reconde</strong></span> <span class='ocrx_word' id='word_1_119' title='bbox 2165 2039 2249 2050; x_wconf 90' lang='lat'><strong>—</strong></span> 
     </span>
     <span class='ocr_line' id='line_1_19' title="bbox 526 2100 2404 2191; baseline 0.003 -27"><span class='ocrx_word' id='word_1_120' title='bbox 526 2100 646 2168; x_wconf 89' lang='lat' dir='ltr'><strong>heu</strong></span> <span class='ocrx_word' id='word_1_121' title='bbox 690 2101 954 2169; x_wconf 87' lang='lat' dir='ltr'><strong>nimium</strong></span> <span class='ocrx_word' id='word_1_122' title='bbox 998 2103 1222 2169; x_wconf 88' lang='lat' dir='ltr'><strong>misero</strong></span> <span class='ocrx_word' id='word_1_123' title='bbox 1266 2104 1502 2191; x_wconf 84' lang='lat' dir='ltr'><strong>cognita</strong></span> <span class='ocrx_word' id='word_1_124' title='bbox 1547 2106 1666 2170; x_wconf 85' lang='lat' dir='ltr'><strong>tela</strong></span> <span class='ocrx_word' id='word_1_125' title='bbox 1711 2104 1894 2170; x_wconf 86' lang='lat' dir='ltr'><strong>mihi!</strong></span> <span class='ocrx_word' id='word_1_126' title='bbox 1931 2143 2015 2152; x_wconf 93' lang='lat'><strong>——</strong></span> <span class='ocrx_word' id='word_1_127' title='bbox 2284 2105 2404 2169; x_wconf 87' lang='grc'><strong>180</strong></span> 
     </span>
    </p>
   </div>
   <div class='ocr_carea' id='block_1_3' title="bbox 254 2405 2406 4025">
    <p class='ocr_par' dir='ltr' id='par_1_3' title="bbox 260 2405 2406 2535">
     <span class='ocr_line' id='line_1_20' title="bbox 343 2405 2406 2463; baseline 0.003 -14"><span class='ocrx_word' id='word_1_128' title='bbox 343 2406 437 2450; x_wconf 88' lang='grc'>165.</span> <span class='ocrx_word' id='word_1_129' title='bbox 464 2405 551 2450; x_wconf 77' lang='lat' dir='ltr'><strong>sit</strong></span> <span class='ocrx_word' id='word_1_130' title='bbox 587 2409 789 2451; x_wconf 80' lang='lat' dir='ltr'><strong>tecum</strong></span> <span class='ocrx_word' id='word_1_131' title='bbox 830 2405 856 2451; x_wconf 79' lang='lat' dir='ltr'><strong>e</strong></span> <span class='ocrx_word' id='word_1_132' title='bbox 887 2406 1091 2452; x_wconf 78' lang='lat' dir='ltr'><strong>confuso</strong></span> <span class='ocrx_word' id='word_1_133' title='bbox 1120 2409 1199 2453; x_wconf 89' lang='lat' dir='ltr'><strong>nel</strong></span> <span class='ocrx_word' id='word_1_134' title='bbox 1228 2408 1282 2452; x_wconf 89' lang='lat' dir='ltr'><strong>L.</strong></span> <span class='ocrx_word' id='word_1_135' title='bbox 1308 2408 1361 2452; x_wconf 87' lang='lat' dir='ltr'><strong>in</strong></span> <span class='ocrx_word' id='word_1_136' title='bbox 1387 2409 1437 2453; x_wconf 79' lang='lat' dir='ltr'><strong>si</strong></span> <span class='ocrx_word' id='word_1_137' title='bbox 1464 2411 1658 2454; x_wconf 79' lang='lat' dir='ltr'><strong>tecum:</strong></span> <span class='ocrx_word' id='word_1_138' title='bbox 1685 2409 1755 2463; x_wconf 80' lang='lat' dir='ltr'><strong>gli</strong></span> <span class='ocrx_word' id='word_1_139' title='bbox 1784 2409 1897 2454; x_wconf 88' lang='lat' dir='ltr'><strong>altri</strong></span> <span class='ocrx_word' id='word_1_140' title='bbox 1926 2409 2065 2456; x_wconf 88' lang='lat' dir='ltr'><strong>eodd.</strong></span> <span class='ocrx_word' id='word_1_141' title='bbox 2096 2410 2147 2455; x_wconf 85' lang='lat' dir='ltr'><strong>vi</strong></span> <span class='ocrx_word' id='word_1_142' title='bbox 2188 2409 2406 2456; x_wconf 88' lang='lat' dir='ltr'><strong>sostitui-</strong></span> 
     </span>
     <span class='ocr_line' id='line_1_21' title="bbox 260 2476 2169 2535; baseline 0.004 -15"><span class='ocrx_word' id='word_1_143' title='bbox 260 2488 415 2521; x_wconf 85' lang='lat' dir='ltr'><strong>seono</strong></span> <span class='ocrx_word' id='word_1_144' title='bbox 443 2476 519 2521; x_wconf 81' lang='lat' dir='ltr'><strong>sic</strong></span> <span class='ocrx_word' id='word_1_145' title='bbox 546 2479 594 2521; x_wconf 81' lang='lat' dir='ltr'><strong>te</strong></span> <span class='ocrx_word' id='word_1_146' title='bbox 619 2478 705 2521; x_wconf 77' lang='lat' dir='ltr'><strong>sit.</strong></span> <span class='ocrx_word' id='word_1_147' title='bbox 734 2500 786 2509; x_wconf 92' lang='lat'><strong>-—</strong></span> <span class='ocrx_word' id='word_1_148' title='bbox 814 2481 1036 2528; x_wconf 74' lang='lat' dir='ltr'><strong>natus.</strong></span> <span class='ocrx_word' id='word_1_149' title='bbox 1066 2478 1171 2524; x_wconf 75' lang='lat' dir='ltr'><strong>eioe</strong></span> <span class='ocrx_word' id='word_1_150' title='bbox 1201 2478 1412 2532; x_wconf 82' lang='lat' dir='ltr'><strong>Tiberio,</strong></span> <span class='ocrx_word' id='word_1_151' title='bbox 1439 2479 1575 2533; x_wconf 80' lang='grc'>113110</span> <span class='ocrx_word' id='word_1_152' title='bbox 1604 2479 1823 2526; x_wconf 70' lang='lat' dir='ltr'><strong>adotthro</strong></span> <span class='ocrx_word' id='word_1_153' title='bbox 1853 2480 1902 2526; x_wconf 91' lang='lat' dir='ltr'><strong>di</strong></span> <span class='ocrx_word' id='word_1_154' title='bbox 1929 2481 2169 2535; x_wconf 74' lang='lat' dir='ltr'><strong>Augusto.</strong></span> 
     </span>
    </p>

    <p class='ocr_par' dir='ltr' id='par_1_4' title="bbox 344 2548 2203 2605">
     <span class='ocr_line' id='line_1_22' title="bbox 344 2548 2203 2605; baseline 0.004 -14"><span class='ocrx_word' id='word_1_155' title='bbox 344 2548 437 2591; x_wconf 88' lang='grc'>166.</span> <span class='ocrx_word' id='word_1_156' title='bbox 465 2560 599 2592; x_wconf 82' lang='lat' dir='ltr'><strong>cum</strong></span> <span class='ocrx_word' id='word_1_157' title='bbox 626 2549 900 2593; x_wconf 78' lang='lat' dir='ltr'><strong>seniore:</strong></span> <span class='ocrx_word' id='word_1_158' title='bbox 927 2552 1114 2594; x_wconf 87' lang='lat' dir='ltr'><strong>mentre</strong></span> <span class='ocrx_word' id='word_1_159' title='bbox 1143 2552 1197 2594; x_wconf 91' lang='lat' dir='ltr'><strong>tu</strong></span> <span class='ocrx_word' id='word_1_160' title='bbox 1225 2549 1292 2604; x_wconf 80' lang='lat' dir='ltr'><strong>gli</strong></span> <span class='ocrx_word' id='word_1_161' title='bbox 1323 2549 1396 2595; x_wconf 88' lang='lat' dir='ltr'><strong>sei</strong></span> <span class='ocrx_word' id='word_1_162' title='bbox 1427 2550 1666 2596; x_wconf 84' lang='lat' dir='ltr'><strong>daecanto</strong></span> <span class='ocrx_word' id='word_1_163' title='bbox 1693 2549 1782 2605; x_wconf 75' lang='lat' dir='ltr'><strong>piu</strong></span> <span class='ocrx_word' id='word_1_164' title='bbox 1809 2551 2012 2597; x_wconf 76' lang='lat' dir='ltr'><strong>vecchio</strong></span> <span class='ocrx_word' id='word_1_165' title='bbox 2042 2550 2091 2596; x_wconf 89' lang='lat' dir='ltr'><strong>di</strong></span> <span class='ocrx_word' id='word_1_166' title='bbox 2119 2551 2203 2598; x_wconf 91' lang='lat' dir='ltr'><strong>lui.</strong></span> 
     </span>
    </p>

    <p class='ocr_par' dir='ltr' id='par_1_5' title="bbox 260 2616 2405 2748">
     <span class='ocr_line' id='line_1_23' title="bbox 344 2616 2405 2680; baseline 0.003 -18"><span class='ocrx_word' id='word_1_167' title='bbox 344 2619 437 2662; x_wconf 90' lang='grc'>167.</span> <span class='ocrx_word' id='word_1_168' title='bbox 465 2617 618 2663; x_wconf 86' lang='lat' dir='ltr'><strong>Costr.</strong></span> <span class='ocrx_word' id='word_1_169' title='bbox 660 2622 707 2663; x_wconf 79' lang='lat' dir='ltr'><strong>et</strong></span> <span class='ocrx_word' id='word_1_170' title='bbox 748 2619 827 2664; x_wconf 80' lang='lat' dir='ltr'><strong>tui</strong></span> <span class='ocrx_word' id='word_1_171' title='bbox 852 2623 1064 2674; x_wconf 74' lang='lat' dir='ltr'><strong>nepotes</strong></span> <span class='ocrx_word' id='word_1_172' title='bbox 1092 2619 1216 2671; x_wconf 78' lang='grc'>(0100</span> <span class='ocrx_word' id='word_1_173' title='bbox 1245 2620 1406 2665; x_wconf 83' lang='lat' dir='ltr'><strong>Druso</strong></span> <span class='ocrx_word' id='word_1_174' title='bbox 1437 2634 1464 2665; x_wconf 89' lang='lat' dir='ltr'><strong>e</strong></span> <span class='ocrx_word' id='word_1_175' title='bbox 1493 2621 1801 2676; x_wconf 75' lang='lat' dir='ltr'><strong>Germanico,</strong></span> <span class='ocrx_word' id='word_1_176' title='bbox 1839 2616 2047 2676; x_wconf 75' lang='lat' dir='ltr'><strong>figliuoli</strong></span> <span class='ocrx_word' id='word_1_177' title='bbox 2088 2622 2138 2668; x_wconf 90' lang='lat' dir='ltr'><strong>di</strong></span> <span class='ocrx_word' id='word_1_178' title='bbox 2176 2623 2405 2680; x_wconf 88' lang='lat' dir='ltr'><strong>Tiberio),</strong></span> 
     </span>
     <span class='ocr_line' id='line_1_24' title="bbox 260 2690 2314 2748; baseline 0.002 -14"><span class='ocrx_word' id='word_1_179' title='bbox 260 2690 503 2734; x_wconf 78' lang='lat' dir='ltr'><strong>iuvenale</strong></span> <span class='ocrx_word' id='word_1_180' title='bbox 528 2690 693 2745; x_wconf 78' lang='lat' dir='ltr'><strong>sidus,</strong></span> <span class='ocrx_word' id='word_1_181' title='bbox 722 2694 782 2735; x_wconf 80' lang='lat' dir='ltr'><strong>ut</strong></span> <span class='ocrx_word' id='word_1_182' title='bbox 801 2691 1015 2745; x_wconf 79' lang='lat' dir='ltr'><strong>faciunt</strong></span> <span class='ocrx_word' id='word_1_183' title='bbox 1041 2693 1082 2743; x_wconf 91' lang='lat'><strong>(‹</strong></span> <span class='ocrx_word' id='word_1_184' title='bbox 1112 2703 1250 2736; x_wconf 91' lang='lat' dir='ltr'><strong>come</strong></span> <span class='ocrx_word' id='word_1_185' title='bbox 1278 2691 1548 2737; x_wconf 87' lang='lat' dir='ltr'><strong>realmente</strong></span> <span class='ocrx_word' id='word_1_186' title='bbox 1576 2691 1659 2746; x_wconf 65' lang='lat' dir='ltr'><strong>gie</strong></span> <span class='ocrx_word' id='word_1_187' title='bbox 1687 2691 1835 2738; x_wconf 80' lang='lat' dir='ltr'><strong>fanno</strong></span> <span class='ocrx_word' id='word_1_188' title='bbox 1864 2699 1922 2747; x_wconf 82' lang='lat'><strong>›)‚</strong></span> <span class='ocrx_word' id='word_1_189' title='bbox 1949 2697 2073 2738; x_wconf 82' lang='lat' dir='ltr'><strong>eant</strong></span> <span class='ocrx_word' id='word_1_190' title='bbox 2091 2706 2194 2748; x_wconf 78' lang='lat' dir='ltr'><strong>per</strong></span> <span class='ocrx_word' id='word_1_191' title='bbox 2223 2698 2314 2739; x_wconf 88' lang='lat' dir='ltr'><strong>etc.</strong></span> 
     </span>
    </p>

    <p class='ocr_par' dir='ltr' id='par_1_6' title="bbox 343 2760 2242 2818">
     <span class='ocr_line' id='line_1_25' title="bbox 343 2760 2242 2818; baseline 0.002 -13"><span class='ocrx_word' id='word_1_192' title='bbox 343 2763 436 2806; x_wconf 89' lang='lat'><strong>168.</strong></span> <span class='ocrx_word' id='word_1_193' title='bbox 463 2765 610 2806; x_wconf 75' lang='lat' dir='ltr'><strong>eant</strong></span> <span class='ocrx_word' id='word_1_194' title='bbox 638 2773 756 2816; x_wconf 78' lang='lat' dir='ltr'><strong>per</strong></span> <span class='ocrx_word' id='word_1_195' title='bbox 790 2760 903 2806; x_wconf 77' lang='lat' dir='ltr'><strong>vale</strong></span> <span class='ocrx_word' id='word_1_196' title='bbox 939 2761 1227 2807; x_wconf 80' lang='lat' dir='ltr'><strong>imitentur.</strong></span> <span class='ocrx_word' id='word_1_197' title='bbox 1253 2785 1306 2793; x_wconf 89' lang='lat'>—</span> <span class='ocrx_word' id='word_1_198' title='bbox 1334 2763 1438 2807; x_wconf 77' lang='lat' dir='ltr'><strong>sui</strong></span> <span class='ocrx_word' id='word_1_199' title='bbox 1468 2764 1788 2818; x_wconf 76' lang='lat' dir='ltr'><strong>parentis,</strong></span> <span class='ocrx_word' id='word_1_200' title='bbox 1815 2762 1923 2808; x_wconf 77' lang='lat' dir='ltr'><strong>cioe</strong></span> <span class='ocrx_word' id='word_1_201' title='bbox 1953 2764 2002 2808; x_wconf 91' lang='lat' dir='ltr'><strong>di</strong></span> <span class='ocrx_word' id='word_1_202' title='bbox 2031 2764 2242 2810; x_wconf 82' lang='lat' dir='ltr'><strong>Tiberio.</strong></span> 
     </span>
    </p>

    <p class='ocr_par' dir='ltr' id='par_1_7' title="bbox 257 2831 2403 2949">
     <span class='ocr_line' id='line_1_26' title="bbox 345 2831 2403 2887; baseline 0.002 -11"><span class='ocrx_word' id='word_1_203' title='bbox 345 2834 435 2877; x_wconf 91' lang='grc'>170.</span> <span class='ocrx_word' id='word_1_204' title='bbox 460 2836 616 2877; x_wconf 74' lang='lat' dir='ltr'><strong>nota</strong></span> <span class='ocrx_word' id='word_1_205' title='bbox 650 2833 793 2887; x_wconf 71' lang='lat' dir='ltr'><strong>sian</strong></span> <span class='ocrx_word' id='word_1_206' title='bbox 805 2845 862 2877; x_wconf 85' lang='lat' dir='ltr'><strong>a:</strong></span> <span class='ocrx_word' id='word_1_207' title='bbox 888 2833 936 2877; x_wconf 95' lang='lat' dir='ltr'><strong>le</strong></span> <span class='ocrx_word' id='word_1_208' title='bbox 965 2837 1048 2878; x_wconf 85' lang='lat' dir='ltr'><strong>tue</strong></span> <span class='ocrx_word' id='word_1_209' title='bbox 1076 2831 1327 2887; x_wconf 81' lang='lat' dir='ltr'><strong>bandiere,</strong></span> <span class='ocrx_word' id='word_1_210' title='bbox 1356 2833 1446 2877; x_wconf 90' lang='lat' dir='ltr'><strong>che</strong></span> <span class='ocrx_word' id='word_1_211' title='bbox 1475 2832 1560 2887; x_wconf 70' lang='lat' dir='ltr'><strong>gia</strong></span> <span class='ocrx_word' id='word_1_212' title='bbox 1588 2837 1723 2878; x_wconf 83' lang='lat' dir='ltr'><strong>tante</strong></span> <span class='ocrx_word' id='word_1_213' title='bbox 1751 2835 1884 2879; x_wconf 82' lang='lat' dir='ltr'><strong>volte</strong></span> <span class='ocrx_word' id='word_1_214' title='bbox 1913 2834 1963 2879; x_wconf 90' lang='grc'><strong>13</strong></span> <span class='ocrx_word' id='word_1_215' title='bbox 1988 2834 2189 2881; x_wconf 81' lang='lat' dir='ltr'><strong>vittoria</strong></span> <span class='ocrx_word' id='word_1_216' title='bbox 2228 2835 2294 2880; x_wconf 87' lang='lat' dir='ltr'><strong>ha</strong></span> <span class='ocrx_word' id='word_1_217' title='bbox 2326 2849 2403 2881; x_wconf 85' lang='lat' dir='ltr'><strong>sa-</strong></span> 
     </span>
     <span class='ocr_line' id='line_1_27' title="bbox 257 2903 867 2949; baseline 0.003 -2"><span class='ocrx_word' id='word_1_218' title='bbox 257 2903 417 2948; x_wconf 87' lang='lat' dir='ltr'><strong>lutato</strong></span> <span class='ocrx_word' id='word_1_219' title='bbox 446 2903 524 2947; x_wconf 89' lang='lat' dir='ltr'><strong>col</strong></span> <span class='ocrx_word' id='word_1_220' title='bbox 553 2916 641 2948; x_wconf 88' lang='lat' dir='ltr'><strong>suo</strong></span> <span class='ocrx_word' id='word_1_221' title='bbox 671 2903 867 2949; x_wconf 88' lang='lat' dir='ltr'><strong>sorriso.</strong></span> 
     </span>
    </p>

    <p class='ocr_par' dir='ltr' id='par_1_8' title="bbox 258 2973 2402 3240">
     <span class='ocr_line' id='line_1_28' title="bbox 343 2973 2401 3031; baseline 0.002 -13"><span class='ocrx_word' id='word_1_222' title='bbox 343 2975 436 3018; x_wconf 83' lang='lat'><strong>171.</strong></span> <span class='ocrx_word' id='word_1_223' title='bbox 461 2973 820 3019; x_wconf 77' lang='lat' dir='ltr'><strong>Ausonium</strong></span> <span class='ocrx_word' id='word_1_224' title='bbox 857 2974 1075 3019; x_wconf 80' lang='lat' dir='ltr'><strong>ducem</strong></span> <span class='ocrx_word' id='word_1_225' title='bbox 1101 2973 1143 3020; x_wconf 89' lang='lat' dir='ltr'><strong>si</strong></span> <span class='ocrx_word' id='word_1_226' title='bbox 1170 2973 1411 3029; x_wconf 82' lang='lat' dir='ltr'><strong>potrebbe</strong></span> <span class='ocrx_word' id='word_1_227' title='bbox 1440 2973 1633 3021; x_wconf 84' lang='lat' dir='ltr'><strong>riferire</strong></span> <span class='ocrx_word' id='word_1_228' title='bbox 1662 2990 1692 3020; x_wconf 82' lang='lat' dir='ltr'><strong>a</strong></span> <span class='ocrx_word' id='word_1_229' title='bbox 1721 2975 1932 3031; x_wconf 88' lang='lat' dir='ltr'><strong>Tiberio,</strong></span> <span class='ocrx_word' id='word_1_230' title='bbox 1949 2975 2039 3022; x_wconf 89' lang='lat' dir='ltr'><strong>che</strong></span> <span class='ocrx_word' id='word_1_231' title='bbox 2068 2974 2212 3021; x_wconf 77' lang='lat' dir='ltr'><strong>domo</strong></span> <span class='ocrx_word' id='word_1_232' title='bbox 2244 2976 2294 3022; x_wconf 89' lang='lat' dir='ltr'><strong>in</strong></span> <span class='ocrx_word' id='word_1_233' title='bbox 2327 2981 2401 3023; x_wconf 90' lang='lat' dir='ltr'><strong>tre</strong></span> 
     </span>
     <span class='ocr_line' id='line_1_29' title="bbox 260 3044 2402 3101; baseline 0.002 -12"><span class='ocrx_word' id='word_1_234' title='bbox 260 3044 378 3090; x_wconf 84' lang='lat' dir='ltr'><strong>anni</strong></span> <span class='ocrx_word' id='word_1_235' title='bbox 405 3044 455 3089; x_wconf 87' lang='lat' dir='ltr'><strong>la</strong></span> <span class='ocrx_word' id='word_1_236' title='bbox 482 3044 703 3090; x_wconf 81' lang='lat' dir='ltr'><strong>terribile</strong></span> <span class='ocrx_word' id='word_1_237' title='bbox 729 3045 987 3091; x_wconf 89' lang='lat' dir='ltr'><strong>ribellione</strong></span> <span class='ocrx_word' id='word_1_238' title='bbox 1016 3045 1347 3101; x_wconf 87' lang='lat' dir='ltr'><strong>dell’Illirieo;</strong></span> <span class='ocrx_word' id='word_1_239' title='bbox 1375 3059 1456 3090; x_wconf 84' lang='lat' dir='ltr'><strong>ma</strong></span> <span class='ocrx_word' id='word_1_240' title='bbox 1485 3045 1511 3090; x_wconf 78' lang='grc' dir='ltr'>ὁ</span> <span class='ocrx_word' id='word_1_241' title='bbox 1538 3045 1628 3100; x_wconf 78' lang='lat' dir='ltr'><strong>piu</strong></span> <span class='ocrx_word' id='word_1_242' title='bbox 1654 3046 1914 3101; x_wconf 80' lang='lat' dir='ltr'><strong>probabile</strong></span> <span class='ocrx_word' id='word_1_243' title='bbox 1942 3047 2032 3092; x_wconf 90' lang='lat' dir='ltr'><strong>che</strong></span> <span class='ocrx_word' id='word_1_244' title='bbox 2070 3046 2273 3093; x_wconf 82' lang='lat' dir='ltr'><strong>aecenni</strong></span> <span class='ocrx_word' id='word_1_245' title='bbox 2301 3049 2402 3094; x_wconf 88' lang='lat' dir='ltr'><strong>alla</strong></span> 
     </span>
     <span class='ocr_line' id='line_1_30' title="bbox 258 3114 2401 3173; baseline 0.001 -12"><span class='ocrx_word' id='word_1_246' title='bbox 258 3114 543 3170; x_wconf 87' lang='lat' dir='ltr'><strong>spedizione</strong></span> <span class='ocrx_word' id='word_1_247' title='bbox 580 3117 864 3170; x_wconf 78' lang='lat' dir='ltr'><strong>germanica</strong></span> <span class='ocrx_word' id='word_1_248' title='bbox 899 3116 1186 3171; x_wconf 78' lang='lat' dir='ltr'><strong>capitanata</strong></span> <span class='ocrx_word' id='word_1_249' title='bbox 1223 3117 1287 3162; x_wconf 85' lang='lat' dir='ltr'><strong>da</strong></span> <span class='ocrx_word' id='word_1_250' title='bbox 1321 3116 1501 3171; x_wconf 81' lang='lat' dir='ltr'><strong>Druso,</strong></span> <span class='ocrx_word' id='word_1_251' title='bbox 1540 3117 1736 3163; x_wconf 78' lang='lat' dir='ltr'><strong>fratello</strong></span> <span class='ocrx_word' id='word_1_252' title='bbox 1775 3117 1825 3162; x_wconf 91' lang='lat' dir='ltr'><strong>di</strong></span> <span class='ocrx_word' id='word_1_253' title='bbox 1862 3118 2059 3164; x_wconf 85' lang='lat' dir='ltr'><strong>Tiberio</strong></span> <span class='ocrx_word' id='word_1_254' title='bbox 2097 3132 2126 3164; x_wconf 89' lang='lat' dir='ltr'><strong>e</strong></span> <span class='ocrx_word' id='word_1_255' title='bbox 2159 3119 2401 3173; x_wconf 76' lang='lat' dir='ltr'><strong>figliastro</strong></span> 
     </span>
     <span class='ocr_line' id='line_1_31' title="bbox 258 3185 1358 3240; baseline 0.003 -9"><span class='ocrx_word' id='word_1_256' title='bbox 258 3185 545 3240; x_wconf 79' lang='lat' dir='ltr'><strong>d&#39;Augusto.</strong></span> <span class='ocrx_word' id='word_1_257' title='bbox 1354 3204 1358 3208; x_wconf 92' lang='lat'>·</span> 
     </span>
    </p>

    <p class='ocr_par' dir='ltr' id='par_1_9' title="bbox 256 3258 2384 3385">
     <span class='ocr_line' id='line_1_32' title="bbox 340 3258 2384 3314; baseline 0.002 -12"><span class='ocrx_word' id='word_1_258' title='bbox 340 3259 431 3302; x_wconf 83' lang='lat'><strong>173.</strong></span> <span class='ocrx_word' id='word_1_259' title='bbox 451 3271 584 3314; x_wconf 76' lang='lat' dir='ltr'><strong>per,</strong></span> <span class='ocrx_word' id='word_1_260' title='bbox 614 3272 638 3302; x_wconf 93' lang='lat'>‹</span> <span class='ocrx_word' id='word_1_261' title='bbox 658 3272 749 3313; x_wconf 86' lang='lat' dir='ltr'><strong>per</strong></span> <span class='ocrx_word' id='word_1_262' title='bbox 777 3271 939 3305; x_wconf 90' lang='lat' dir='ltr'><strong>mezzo</strong></span> <span class='ocrx_word' id='word_1_263' title='bbox 959 3270 999 3314; x_wconf 86' lang='lat'><strong>›‚</strong></span> <span class='ocrx_word' id='word_1_264' title='bbox 1027 3258 1069 3304; x_wconf 92' lang='lat' dir='ltr'><strong>si</strong></span> <span class='ocrx_word' id='word_1_265' title='bbox 1088 3262 1317 3305; x_wconf 84' lang='lat' dir='ltr'><strong>connette</strong></span> <span class='ocrx_word' id='word_1_266' title='bbox 1337 3258 1681 3305; x_wconf 79' lang='lat' dir='ltr'><strong>direttamente</strong></span> <span class='ocrx_word' id='word_1_267' title='bbox 1711 3259 1923 3306; x_wconf 80' lang='lat' dir='ltr'><strong>all&#39;Aus.</strong></span> <span class='ocrx_word' id='word_1_268' title='bbox 1943 3261 2126 3307; x_wconf 82' lang='lat' dir='ltr'><strong>ducem</strong></span> <span class='ocrx_word' id='word_1_269' title='bbox 2145 3261 2225 3307; x_wconf 87' lang='lat' dir='ltr'><strong>del</strong></span> <span class='ocrx_word' id='word_1_270' title='bbox 2244 3277 2289 3308; x_wconf 82' lang='lat' dir='ltr'><strong>v.</strong></span> <span class='ocrx_word' id='word_1_271' title='bbox 2310 3266 2384 3308; x_wconf 88' lang='grc'><strong>171</strong></span> 
     </span>
     <span class='ocr_line' id='line_1_33' title="bbox 256 3330 1148 3385; baseline 0.002 -12"><span class='ocrx_word' id='word_1_272' title='bbox 256 3352 310 3360; x_wconf 91' lang='grc'>-</span> <span class='ocrx_word' id='word_1_273' title='bbox 340 3341 625 3384; x_wconf 76' lang='lat' dir='ltr'><strong>corpore,</strong></span> <span class='ocrx_word' id='word_1_274' title='bbox 655 3341 680 3374; x_wconf 87' lang='lat'>‹</span> <span class='ocrx_word' id='word_1_275' title='bbox 706 3330 839 3375; x_wconf 84' lang='lat' dir='ltr'><strong>nella</strong></span> <span class='ocrx_word' id='word_1_276' title='bbox 865 3342 1081 3385; x_wconf 86' lang='lat' dir='ltr'><strong>persona</strong></span> <span class='ocrx_word' id='word_1_277' title='bbox 1108 3341 1148 3375; x_wconf 89' lang='lat'><strong>›.</strong></span> 
     </span>
    </p>

    <p class='ocr_par' dir='ltr' id='par_1_10' title="bbox 254 3400 2399 3596">
     <span class='ocr_line' id='line_1_34' title="bbox 337 3400 2399 3458; baseline 0.002 -14"><span class='ocrx_word' id='word_1_278' title='bbox 337 3402 430 3445; x_wconf 82' lang='lat'><strong>174.</strong></span> <span class='ocrx_word' id='word_1_279' title='bbox 462 3401 854 3456; x_wconf 73' lang='lat' dir='ltr'><strong>auspicium.</strong></span> <span class='ocrx_word' id='word_1_280' title='bbox 895 3400 1078 3455; x_wconf 81' lang='lat' dir='ltr'><strong>perche</strong></span> <span class='ocrx_word' id='word_1_281' title='bbox 1119 3401 1169 3447; x_wconf 90' lang='lat' dir='ltr'><strong>la</strong></span> <span class='ocrx_word' id='word_1_282' title='bbox 1210 3415 1390 3455; x_wconf 79' lang='lat' dir='ltr'><strong>guerra</strong></span> <span class='ocrx_word' id='word_1_283' title='bbox 1434 3416 1519 3448; x_wconf 82' lang='lat' dir='ltr'><strong>era</strong></span> <span class='ocrx_word' id='word_1_284' title='bbox 1560 3402 1863 3448; x_wconf 83' lang='lat' dir='ltr'><strong>combattuta</strong></span> <span class='ocrx_word' id='word_1_285' title='bbox 1900 3416 2094 3458; x_wconf 89' lang='lat' dir='ltr'><strong>sempre</strong></span> <span class='ocrx_word' id='word_1_286' title='bbox 2136 3405 2216 3449; x_wconf 90' lang='lat' dir='ltr'><strong>nel</strong></span> <span class='ocrx_word' id='word_1_287' title='bbox 2256 3417 2399 3450; x_wconf 86' lang='lat' dir='ltr'><strong>nome</strong></span> 
     </span>
     <span class='ocr_line' id='line_1_35' title="bbox 254 3469 2396 3529; baseline 0.002 -14"><span class='ocrx_word' id='word_1_288' title='bbox 254 3469 692 3526; x_wconf 83' lang='lat' dir='ltr'><strong>dell’imperatore,</strong></span> <span class='ocrx_word' id='word_1_289' title='bbox 719 3472 807 3517; x_wconf 89' lang='lat' dir='ltr'><strong>che</strong></span> <span class='ocrx_word' id='word_1_290' title='bbox 834 3485 928 3526; x_wconf 86' lang='lat' dir='ltr'><strong>per</strong></span> <span class='ocrx_word' id='word_1_291' title='bbox 956 3484 1067 3517; x_wconf 87' lang='lat' dir='ltr'><strong>essa</strong></span> <span class='ocrx_word' id='word_1_292' title='bbox 1096 3485 1252 3517; x_wconf 82' lang='lat' dir='ltr'><strong>aveva</strong></span> <span class='ocrx_word' id='word_1_293' title='bbox 1278 3473 1413 3526; x_wconf 87' lang='lat' dir='ltr'><strong>presi</strong></span> <span class='ocrx_word' id='word_1_294' title='bbox 1444 3472 1513 3526; x_wconf 84' lang='grc'><strong>311</strong></span> <span class='ocrx_word' id='word_1_295' title='bbox 1541 3472 1748 3527; x_wconf 80' lang='lat' dir='ltr'><strong>auspici.</strong></span> <span class='ocrx_word' id='word_1_296' title='bbox 1774 3496 1827 3505; x_wconf 92' lang='lat'><em>-</em></span> <span class='ocrx_word' id='word_1_297' title='bbox 1866 3474 2033 3529; x_wconf 77' lang='lat' dir='ltr'><strong>deos,</strong></span> <span class='ocrx_word' id='word_1_298' title='bbox 2061 3474 2131 3528; x_wconf 82' lang='lat' dir='ltr'><strong>gli</strong></span> <span class='ocrx_word' id='word_1_299' title='bbox 2169 3474 2249 3519; x_wconf 91' lang='lat' dir='ltr'><strong>dei</strong></span> <span class='ocrx_word' id='word_1_300' title='bbox 2277 3489 2396 3529; x_wconf 91' lang='lat' dir='ltr'><strong>pro-</strong></span> 
     </span>
     <span class='ocr_line' id='line_1_36' title="bbox 254 3540 779 3596; baseline 0.002 -9"><span class='ocrx_word' id='word_1_301' title='bbox 254 3541 425 3587; x_wconf 84' lang='lat' dir='ltr'><strong>tettori</strong></span> <span class='ocrx_word' id='word_1_302' title='bbox 453 3540 779 3596; x_wconf 81' lang='lat' dir='ltr'><strong>dell’impero.</strong></span> 
     </span>
    </p>

    <p class='ocr_par' dir='ltr' id='par_1_11' title="bbox 339 3613 2216 3671">
     <span class='ocr_line' id='line_1_37' title="bbox 339 3613 2216 3671; baseline 0.002 -15"><span class='ocrx_word' id='word_1_303' title='bbox 339 3614 430 3658; x_wconf 89' lang='grc'>175.</span> <span class='ocrx_word' id='word_1_304' title='bbox 459 3613 727 3658; x_wconf 81' lang='lat' dir='ltr'><strong>dimidio</strong></span> <span class='ocrx_word' id='word_1_305' title='bbox 766 3614 886 3663; x_wconf 79' lang='lat' dir='ltr'><strong>tui.</strong></span> <span class='ocrx_word' id='word_1_306' title='bbox 912 3613 1019 3659; x_wconf 74' lang='lat' dir='ltr'><strong>cioe</strong></span> <span class='ocrx_word' id='word_1_307' title='bbox 1048 3614 1177 3659; x_wconf 89' lang='grc'>00113</span> <span class='ocrx_word' id='word_1_308' title='bbox 1204 3617 1290 3659; x_wconf 87' lang='lat' dir='ltr'><strong>tua</strong></span> <span class='ocrx_word' id='word_1_309' title='bbox 1317 3628 1546 3668; x_wconf 84' lang='lat' dir='ltr'><strong>persona.</strong></span> <span class='ocrx_word' id='word_1_310' title='bbox 1573 3639 1626 3647; x_wconf 90' lang='lat'>—</span> <span class='ocrx_word' id='word_1_311' title='bbox 1646 3628 1989 3671; x_wconf 77' lang='lat' dir='ltr'><strong>praesens,</strong></span> <span class='ocrx_word' id='word_1_312' title='bbox 2017 3615 2121 3661; x_wconf 89' lang='lat' dir='ltr'><strong>scil.</strong></span> <span class='ocrx_word' id='word_1_313' title='bbox 2149 3629 2216 3660; x_wconf 77' lang='lat' dir='ltr'><strong>es.</strong></span> 
     </span>
    </p>

    <p class='ocr_par' dir='ltr' id='par_1_12' title="bbox 338 3683 2149 3739">
     <span class='ocr_line' id='line_1_38' title="bbox 338 3683 2149 3739; baseline 0.002 -12"><span class='ocrx_word' id='word_1_314' title='bbox 338 3686 431 3729; x_wconf 90' lang='grc'>176.</span> <span class='ocrx_word' id='word_1_315' title='bbox 460 3684 751 3738; x_wconf 80' lang='lat' dir='ltr'><strong>dimidio,</strong></span> <span class='ocrx_word' id='word_1_316' title='bbox 780 3683 887 3730; x_wconf 79' lang='lat' dir='ltr'><strong>eioe</strong></span> <span class='ocrx_word' id='word_1_317' title='bbox 916 3685 1044 3730; x_wconf 89' lang='lat' dir='ltr'><strong>collo</strong></span> <span class='ocrx_word' id='word_1_318' title='bbox 1073 3684 1247 3739; x_wconf 89' lang='lat' dir='ltr'><strong>spirito</strong></span> <span class='ocrx_word' id='word_1_319' title='bbox 1277 3684 1367 3730; x_wconf 87' lang='lat' dir='ltr'><strong>che</strong></span> <span class='ocrx_word' id='word_1_320' title='bbox 1394 3685 1550 3739; x_wconf 80' lang='lat' dir='ltr'><strong>vigila</strong></span> <span class='ocrx_word' id='word_1_321' title='bbox 1578 3686 1708 3731; x_wconf 86' lang='lat' dir='ltr'><strong>sulla</strong></span> <span class='ocrx_word' id='word_1_322' title='bbox 1734 3689 1866 3732; x_wconf 86' lang='lat' dir='ltr'><strong>sorte</strong></span> <span class='ocrx_word' id='word_1_323' title='bbox 1896 3686 1945 3732; x_wconf 89' lang='lat' dir='ltr'><strong>di</strong></span> <span class='ocrx_word' id='word_1_324' title='bbox 1973 3686 2149 3731; x_wconf 86' lang='lat' dir='ltr'><strong>Druso.</strong></span> 
     </span>
    </p>

    <p class='ocr_par' dir='ltr' id='par_1_13' title="bbox 336 3754 1208 3808">
     <span class='ocr_line' id='line_1_39' title="bbox 336 3754 1208 3808; baseline 0.002 -9"><span class='ocrx_word' id='word_1_325' title='bbox 336 3757 430 3799; x_wconf 90' lang='grc'>177.</span> <span class='ocrx_word' id='word_1_326' title='bbox 458 3755 571 3808; x_wconf 76' lang='lat' dir='ltr'><strong>sic,</strong></span> <span class='ocrx_word' id='word_1_327' title='bbox 599 3754 703 3800; x_wconf 75' lang='lat' dir='ltr'><strong>cosi</strong></span> <span class='ocrx_word' id='word_1_328' title='bbox 730 3768 868 3800; x_wconf 86' lang='lat' dir='ltr'><strong>come</strong></span> <span class='ocrx_word' id='word_1_329' title='bbox 897 3758 950 3800; x_wconf 79' lang='lat' dir='ltr'><strong>tu</strong></span> <span class='ocrx_word' id='word_1_330' title='bbox 979 3754 1208 3801; x_wconf 88' lang='lat' dir='ltr'><strong>desideri.</strong></span> 
     </span>
    </p>

    <p class='ocr_par' dir='ltr' id='par_1_14' title="bbox 256 3826 2396 3941">
     <span class='ocr_line' id='line_1_40' title="bbox 336 3826 2396 3882; baseline 0.001 -12"><span class='ocrx_word' id='word_1_331' title='bbox 336 3827 429 3871; x_wconf 87' lang='grc'>178.</span> <span class='ocrx_word' id='word_1_332' title='bbox 456 3827 809 3879; x_wconf 77' lang='lat' dir='ltr'><strong>coronatis,</strong></span> <span class='ocrx_word' id='word_1_333' title='bbox 850 3840 943 3881; x_wconf 83' lang='lat' dir='ltr'><strong>per</strong></span> <span class='ocrx_word' id='word_1_334' title='bbox 970 3826 1005 3871; x_wconf 88' lang='lat' dir='ltr'><strong>il</strong></span> <span class='ocrx_word' id='word_1_335' title='bbox 1033 3826 1213 3873; x_wconf 84' lang='lat' dir='ltr'><strong>trionfo</strong></span> <span class='ocrx_word' id='word_1_336' title='bbox 1255 3827 1345 3872; x_wconf 88' lang='lat' dir='ltr'><strong>che</strong></span> <span class='ocrx_word' id='word_1_337' title='bbox 1378 3828 1415 3872; x_wconf 88' lang='lat' dir='ltr'><strong>il</strong></span> <span class='ocrx_word' id='word_1_338' title='bbox 1443 3831 1594 3882; x_wconf 85' lang='lat' dir='ltr'><strong>poeta</strong></span> <span class='ocrx_word' id='word_1_339' title='bbox 1621 3841 1768 3882; x_wconf 86' lang='lat' dir='ltr'><strong>spera</strong></span> <span class='ocrx_word' id='word_1_340' title='bbox 1798 3829 1865 3881; x_wconf 82' lang='grc'><strong>311</strong></span> <span class='ocrx_word' id='word_1_341' title='bbox 1895 3826 2057 3874; x_wconf 85' lang='lat' dir='ltr'><strong>debba</strong></span> <span class='ocrx_word' id='word_1_342' title='bbox 2100 3840 2263 3873; x_wconf 87' lang='lat' dir='ltr'><strong>essere</strong></span> <span class='ocrx_word' id='word_1_343' title='bbox 2307 3828 2396 3872; x_wconf 88' lang='lat' dir='ltr'><strong>dc-</strong></span> 
     </span>
     <span class='ocr_line' id='line_1_41' title="bbox 256 3899 457 3941; baseline -0.005 -1"><span class='ocrx_word' id='word_1_344' title='bbox 256 3899 457 3941; x_wconf 85' lang='lat' dir='ltr'><strong>eretato.</strong></span> 
     </span>
    </p>

    <p class='ocr_par' dir='ltr' id='par_1_15' title="bbox 336 3968 1505 4025">
     <span class='ocr_line' id='line_1_42' title="bbox 336 3968 1505 4025; baseline 0.003 -14"><span class='ocrx_word' id='word_1_345' title='bbox 336 3970 429 4012; x_wconf 83' lang='grc'>179.</span> <span class='ocrx_word' id='word_1_346' title='bbox 450 3969 604 4023; x_wconf 84' lang='lat' dir='ltr'><strong>sera</strong></span> <span class='ocrx_word' id='word_1_347' title='bbox 640 3968 774 4013; x_wconf 83' lang='lat' dir='ltr'><strong>tela</strong></span> <span class='ocrx_word' id='word_1_348' title='bbox 804 3969 830 4014; x_wconf 77' lang='lat' dir='ltr'><strong>e</strong></span> <span class='ocrx_word' id='word_1_349' title='bbox 860 3969 1178 4023; x_wconf 87' lang='lat' dir='ltr'><strong>apposizione</strong></span> <span class='ocrx_word' id='word_1_350' title='bbox 1208 3969 1257 4014; x_wconf 89' lang='lat' dir='ltr'><strong>di</strong></span> <span class='ocrx_word' id='word_1_351' title='bbox 1278 3970 1505 4025; x_wconf 79' lang='lat' dir='ltr'><strong>fulmen.</strong></span> 
     </span>
    </p>
   </div>
  </div>
 </body>
</html>
