2840 4464
1159 250 1347 294 menn
1382 252 1472 307 111,
1509 238 1591 293 10.
2353 228 2456 288 115

1349 560 1418 628 Χ.

484 749 690 834 Siquis
734 747 934 813 adhuc
979 742 1108 812 istic
1152 747 1435 813 meminit
1476 747 1728 813 Nasonis
1771 746 2064 832 adempti,
2177 816 2182 820 ,

573 861 631 916 et
675 860 972 936 superest
996 851 1128 915 sine
1173 871 1272 915 me
1319 869 1545 915 nomen
1592 850 1656 914 in
1702 849 1856 915 urbe
1897 869 2127 925 meum,

484 954 870 1039 suppositum
913 952 1123 1030 stelliS,
1170 972 1510 1037 numquam
1555 951 1943 1038 tangentibus
1987 964 2270 1036 aequor‚'

574 1074 674 1120 me
718 1055 864 1120 sciat
905 1055 971 1119 in
1016 1054 1218 1120 media
1263 1055 1475 1120 vivere
1520 1054 1821 1119 barbarie

488 1157 884 1223 Sauromatae
926 1158 1196 1244 cingunt,
1244 1157 1369 1222 fera
1413 1176 1582 1241 gene,
1620 1155 1914 1241 Bessique
1958 1154 2283 1277 Getaeque,
2418 1154 2456 1217 5

567 1279 758 1344 quam
802 1280 927 1325 non
948 1260 1215 1347 ingenio
1260 1259 1511 1325 nomina
1552 1259 1730 1345 digna
1776 1261 1940 1324 meol
2058 1322 2063 1329 .

490 1360 652 1427 Dum
698 1371 904 1428 tamen
949 1384 1098 1428 aura
1142 1371 1326 1449 tepet,
1369 1361 1576 1427 medio
1618 1361 2010 1426 defendimur
2053 1359 2281 1453 Histro:

579 1464 685 1529 ille
729 1465 853 1530 suis
897 1464 1168 1550 liquidus
1214 1464 1373 1530 bella
1420 1465 1667 1550 repellit
1709 1464 1901 1550 aquis

495 1566 567 1631 At
611 1587 749 1632 cum
792 1568 981 1632 tristis
1028 1567 1227 1633 hiems
1272 1567 1611 1653 squalentia
1655 1569 1911 1651 protulit
1954 1586 2080 1642 ora,
2162 1631 2169 1637 ,

579 1679 864 1756 terraque
907 1689 1252 1749 marmoreo
1296 1680 1386 1736 est
1430 1669 1689 1734 candida
1732 1668 1885 1734 facta
1927 1670 2086 1756 gelu,
2390 1667 2470 1730 10

494 1771 644 1837 dum
688 1781 854 1838 vetat
896 1782 956 1838 et
998 1773 1212 1838 boreas
1256 1781 1316 1838 et
1361 1772 1471 1836 nix
1516 1771 1794 1836 habitare
1838 1769 1953 1836 sub
1996 1771 2189 1847 Aram,

581 1884 713 1940 tum
757 1884 922 1960 patet
967 1875 1075 1940 has
1118 1884 1329 1961 gentes
1370 1894 1488 1951 axe
1515 1883 1834 1964 'tremente
1877 1872 2097 1958 premi.

500 1977 613 2041 Nix
659 1977 825 2055 iacet,
872 1986 931 2057 et
974 1977 1190 2042 iactam
1237 1997 1316 2042 ne
1360 1978 1448 2041 sol
1495 1975 1821 2062 pluyiaeve
1865 1977 2199 2041 resolvant

586 2079 836 2144 indurat
878 2079 1092 2144 boreas
1135 2089 1622 2166 perpetuamque
1665 2078 1821 2144 facit.

415 2327 645 2381 Elegia
673 2326 920 2383 X3-nella
947 2327 1096 2381 quale
1125 2326 1160 2370 il
1188 2329 1340 2380 poeta
1370 2326 1593 2371 descrive
1609 2326 1678 2380 gli
1698 2326 1854 2371 orrori
1874 2323 2115 2370 iuvet-nali
2143 2325 2275 2371 della
2295 2324 2477 2370 Scizia.

329 2397 667 2451 Quest'elegia
695 2397 820 2443 dove
851 2410 1015 2443 essere
1045 2397 1218 2442 scritta
1245 2396 1567 2441 nell'inverno
1598 2397 1678 2442 del
1706 2399 1785 2442 763
1809 2396 1858 2440 di
1887 2397 1944 2441 R.

468 2471 506 2511 1.
533 2468 716 2521 istic,
745 2467 853 2513 cioc
883 2468 932 2511 in
960 2468 1131 2513 Roma.

467 2540 508 2582 2.
535 2542 861 2593 superest,
888 2552 912 2582 ‹
941 2538 1237 2593 sopravvive
1265 2549 1304 2582 ›.

467 2612 507 2653 3.
535 2610 971 2664 suppositum,
1001 2623 1025 2653 ‹
1056 2612 1388 2665 sottopostm.
1418 2631 1461 2640 -·
1495 2610 1731 2663 stellis,
1760 2623 1783 2654 ‹
1813 2609 1909 2654 alle
1937 2608 2273 2655 costellazioni
2295 2612 2479 2654 setten-

329 2680 548 2733 trionali,
576 2679 937 2734 circumpolari‚
973 2680 1063 2725 che
1104 2693 1201 2725 non
1230 2684 1540 2726 tramontano
1569 2680 1666 2725 mai
1696 2691 1743 2733 >3
1772 2679 1858 2725 cfr.
1887 2680 2050 2736 VIRG„
2083 2680 2279 2735 Geor-9„
2305 2684 2344 2735 1,
2369 2682 2478 2725 246:

331 2752 527 2796 Arctoe
555 2752 734 2796 oceani
759 2755 1045 2797 metuentes
1074 2763 1298 2806 aequore
1325 2752 1472 2806 tinai.

470 2825 509 2866 5.
535 2820 1254 2880 Sauromatae‚·Bessi‚
1301 2821 1525 2875 Getae,
1567 2822 1741 2876 popoli
1769 2821 2103 2868 della.Scizia.

471 2894 511 2937 6.
540 2904 720 2947 quam
757 2905 902 2947 non,
938 2906 962 2936 ‹
985 2892 1117 2937 nomi
1148 2891 1262 2936 deh!
1294 2896 1479 2946 quanto
1509 2891 1710 2945 indegni
1738 2891 1817 2936 del
1856 2892 1952 2938 mio
1982 2892 2178 2947 poetico
2206 2893 2419 2947 insegno
2441 2903 2483 2947 ›‚

335 2962 523 3007 d'esser
551 2961 657 3008 cioe
685 2962 981 3007 menzionati
1011 2961 1074 3006 da
1102 2961 1326 3007 un-colto
1353 2966 1519 3015 poeta.

473 3035 512 3077 7.
538 3034 744 3078 medio
771 3032 1024 3078 Histro:
1043 3031 1288 3077 dall'Istro
1308 3032 1575 3084 (Danubio)
1591 3032 1680 3078 che
1698 3036 1838 3078 stava
1857 3032 1907 3077 di
1928 3046 2092 3079 mezzo
2112 3032 2189 3077 fra
2208 3033 2259 3078 la
2278 3032 2481 3087 regione

334 3104 597 3149 Tomitana
625 3117 651 3148 e
680 3104 731 3148 la
759 3102 930 3166 Scizia,
959 3116 985 3167 e
1011 3103 1206 3148 serviva
1221 3102 1273 3166 di
1295 3102 1518 3148 schermo
1535 3116 1565 3147 a
1585 3103 1753 3157 quella
1772 3107 1943 3148 contro
1959 3103 2007 3148 ai
2027 3103 2200 3159 popoli
2220 3103 2269 3148 di
2290 3109 2485 3158 questa,

334 3173 498 3219 finohe
527 3174 562 3219 il
589 3187 756 3228 verno,
784 3173 1172 3227 ghiacciandone
1203 3173 1248 3218 le
1269 3186 1442 3229 acque,
1461 3186 1558 3219 non
1577 3173 1748 3219 offriva
1771 3174 1876 3219 loro
1896 3188 1962 3219 un
1980 3173 2128 3219 facile
2156 3187 2306 3220 vareo
2326 3174 2483 3220 all’in-

342 3258 559 3291 vasione.

476 3318 516 3360 8.
544 3315 869 3370 liquidus,
906 3314 983 3360 col
1013 3314 1070 3359 G.
1100 3315 1218 3369 eV.‚
1254 3315 1366 3360 vale
1407 3316 1644 3360 nondum
1683 3316 1804 3369 gelu
1847 3315 2149 3361 adstrictus.
2186 3339 2238 3347 —
2284 3317 2491 3372 bella,

338 3385 524 3441 perche
552 3385 570 3430 i
597 3384 777 3430 nemici
805 3399 902 3431 non
932 3398 1153 3430 avevano
1181 3384 1376 3431 battelli
1405 3399 1497 3439 per
1523 3399 1731 3440 pessare
1759 3386 1794 3431 il
1823 3399 1972 3436 mare.

450 3459 518 3501 11.
541 3458 741 3510 vetat,
770 3455 847 3501 col
875 3456 1138 3510 Burmann,
1163 3469 1254 3509 per
1274 3459 1430 3510 patet
1457 3455 1538 3501 dei
1568 3455 1707 3501 codd.
1736 3469 1762 3501 e
1794 3455 1923 3502 delle
1955 3456 2149 3503 antiche
2179 3457 2405 3503 edizioni‚
2434 3481 2489 3488 —

340 3527 664 3581 habitare,
690 3526 767 3572 col
797 3526 867 3580 G„
881 3526 935 3571 P.
964 3540 990 3571 e
1020 3526 1095 3581 V„
1120 3540 1211 3581 per
1238 3528 1431 3571 iniecta
1460 3526 1549 3571 che
1581 3526 1622 3571 si
1650 3526 1796 3580 legge
1826 3527 2029 3573 altrove.
2049 3551 2102 3558 -
2128 3528 2241 3573 sub
2270 3528 2488 3582 Arcto,

341 3609 368 3641 ‹
400 3600 530 3641 sotto
559 3595 769 3641 all'Orsa
798 3606 837 3649 ›,
866 3594 972 3641 cioe
1001 3595 1082 3640 nei
1109 3594 1252 3650 paesi
1281 3595 1369 3650 piu
1399 3595 1778 3641 settentrionali.

453 3668 516 3711 12.
535 3668 737 3721 patet,
778 3665 856 3711 coi
885 3665 1026 3711 codd.
1054 3665 1284 3720 migliori,
1310 3678 1402 3721 per
1448 3665 1610 3720 liquet
1652 3666 1741 3711 che
1782 3666 1822 3711 si
1850 3667 1997 3720 legge
2029 3667 2231 3712 altrove.
2258 3661 2433 3713 Allora
2462 3666 2492 3711 ὲ

341 3736 587 3791 evidente,
616 3736 725 3781 dice
754 3736 791 3781 i}
818 3742 983 3791 poeta,
1011 3735 1101 3781 che
1131 3735 1166 3780 il
1194 3735 1356 3788 rigido
1385 3736 1513 3782 cielo
1543 3750 1710 3792 preme
1739 3741 1913 3791 queste
1955 3737 2167 3782 barbare
2210 3733 2346 3790 genti
2387 3750 2414 3782 e
2443 3737 2492 3781 le

344 3807 523 3862 spinae
551 3819 696 3852 verso
725 3806 1081 3861 mezzogiorno,
1110 3806 1250 3861 dove,
1276 3807 1601 3852 traversando
1629 3807 1789 3852 PIstro
1831 3807 2011 3861 gelato,
2047 3819 2226 3853 recano
2261 3807 2314 3852 l‘a
2343 3806 2496 3851 deva·

344 3878 571 3924 stazione
601 3890 627 3923 e
658 3878 709 3922 la
736 3880 908 3923 morte.

459 3950 523 3996 13.
548 3960 636 4003 ne,
665 3949 742 3994 col
772 3947 946 4003 Guelf.,
971 3959 1064 4004 per
1092 3961 1183 3996 nec
1212 3948 1341 3995 delle
1371 3947 1567 3993 antiche
1597 3947 1821 4002 edizioni‚
1850 3960 1873 3991 ‹
1900 3948 2083 4002 perche
2112 3961 2209 3993 non
2239 3960 2280 3994 ›.
