2840 4464
1147 261 1337 303 numu
1375 263 1464 318 111,
1497 249 1546 304 7.
2317 249 2416 303 107

439 363 535 429 Nil
581 365 767 453 igitur
810 366 1092 444 referam,
1140 367 1256 433 nisi
1302 389 1403 434 me
1445 388 1739 454 peccasse,
1787 368 1893 434 sed
1939 369 2046 434 illo

525 469 799 552 praemia
841 479 1083 554 peceato
1128 472 1299 536 nulla
1343 480 1532 556 petita
1580 471 1755 547 mihi,

440 569 882 656 stultitiamque
922 591 1132 638 meum
1177 574 1412 639 crimen
1459 573 1685 639 debere
1729 574 1951 650 vocari,
2333 574 2417 641 35

526 674 776 738 nomina
822 674 871 739 si
917 674 1069 740 facto
1115 675 1374 741 reddere
1419 697 1564 741 vera
1610 677 1780 742 velis,

442 774 611 858 Quae
653 776 701 839 si
750 796 870 841 non
921 778 1000 842 ita
1047 788 1206 855 sunt,
1255 779 1468 856 alium,
1515 799 1636 865 quo
1683 778 1919 866 longius
1964 778 2178 856 absim,

527 897 778 963 quaere:
825 879 1177 944 suburbana
1222 890 1312 945 est
1357 880 1458 945 hie
1503 880 1657 945 mihi
1706 891 1866 946 terra
1910 882 2093 947 loeuS.

1278 1218 1395 1283 vlt.

443 1439 611 1504 Vade
654 1441 1001 1516 salutatum,
1047 1440 1247 1505 subito
1290 1440 1593 1525 perarata,
1640 1441 1948 1519 Perillam,

529 1541 750 1618 littera,
796 1542 1095 1606 sermonis
1142 1542 1263 1607 fida
1307 1543 1589 1608 ministra
1634 1544 1788 1609 meil

444 1643 561 1708 Aut
602 1645 773 1709 illam
823 1642 1099 1709 inve'nies
1143 1644 1303 1710 dulci
1349 1665 1489 1711 cum
1533 1655 1731 1712 matre
1774 1645 2110 1723 sedentem,

529 1756 633 1813 aut
669 1746 831 1812 inter
874 1746 1064 1811 libros
1110 1746 1507 1831 Pieridasque
1552 1767 1709 1813 suas

445 1847 743 1932 Quicquid
789 1858 942 1934 aget,
987 1868 1125 1914 cum
1174 1859 1231 1914 te
1274 1849 1477 1914 scierit
1521 1850 1782 1927 venisse,
1830 1849 2153 1936 relinquet,
2381 1852 2421 1914 ὃ

531 1969 642 2015 nec
685 1950 876 2027 mora,
923 1950 1071 2035 quid
1116 1951 1327 2016 venias
1373 1951 1619 2037 quidve,
1666 1951 1957 2037 requiret,
2005 1972 2199 2039 agam.

384 2235 452 2277 34.
475 2234 794 2288 praemia,
823 2245 848 2277 ‹
877 2246 1143 2288 compenso
1173 2243 1197 2274 >
1226 2232 1277 2278 di
1306 2231 1469 2286 gloria
1497 2247 1525 2279 ο
1555 2234 1833 2289 311αά0300,
1862 2232 2025 2280 meree
2053 2235 2242 2289 l'opera
2261 2235 2325 2280 da
2344 2248 2423 2280 1110

269 2303 463 2349 scritta.
491 2304 546 2348 Io
576 2317 673 2349 non
702 2303 871 2349 sorissi
898 2303 1006 2349 oioe
1036 2303 1072 2348 il
1101 2304 1227 2349 libro
1258 2304 1330 2369 de
1348 2308 1466 2350 arte
1494 2305 1732 2359 amandi,
1748 2303 1853 2350 0001
1871 2305 2068 2350 insinua
2086 2306 2309 2361 l'autore,
2333 2319 2427 2360 per

273 2373 487 2427 ragione
517 2374 566 2419 di
595 2375 748 2421 luero,

383 2460 449 2503 37.
480 2458 715 2513 alium,
744 2458 850 2504 soil.
879 2459 1071 2504 locum·

382 2543 452 2586 38.
481 2541 893 2587 suburbana:
931 2545 1111 2596 questa
1140 2546 1275 2588 terra
1303 2556 1333 2587 a
1361 2542 1570 2596 eagione
1614 2543 1695 2588 del
1737 2544 1835 2589 mio
1878 2542 2066 2599 delitto,
2102 2547 2426 2598 quantunque

270 2612 382 2658 0001
409 2612 629 2668 lontana,
654 2612 722 2658 mi
748 2613 995 2667 pan-ebbe
1026 2612 1115 2658 0110
1145 2613 1279 2659 fosse
1309 2614 1454 2668 quasi
1483 2615 1581 2660 alle
1607 2618 1751 2669 porte
1780 2614 1831 2660 di
1858 2615 2032 2662 Roma.

356 2763 588 2817 Elegia.
627 2764 778 2820 v11,
818 2764 950 2808 nella
979 2764 1127 2818 quale
1156 2765 1192 2808 il
1220 2768 1373 2819 poeta
1402 2768 1570 2810 esorta
1596 2764 1782 2810 Perilla
1813 2779 1843 2810 a
1872 2764 1949 2810 far
1991 2779 2080 2811 uso
2122 2765 2367 2820 prudente
2398 2780 2426 2811 e

271 2834 421 2879 felice
451 2833 532 2879 del
561 2848 651 2880 suo
680 2834 895 2889 10303110
924 2835 1139 2890 poetico.

413 2920 450 2962 1.
471 2922 829 2973 perarata,
856 2919 969 2964 vale
999 2922 1237 2965 exarata.

370 3036 375 3040 .
410 3002 452 3046 2.
481 3000 707 3046 littera
734 3000 800 3046 ha
827 3001 865 3046 il
893 3015 1039 3047 senso
1068 2999 1299 3056 generico
1330 3002 1380 3047 di
1410 3015 1434 3046 ‹
1454 3002 1552 3049 mio
1582 3002 1754 3049 scritto
1769 3014 1876 3047 ›.-
1902 3002 2234 3057 sermonis,
2263 3016 2286 3047 ‹
2306 3017 2428 3058 peu-

275 3071 425 3126 siero,
453 3071 746 3117 sentimento
776 3083 815 3117 ›.

409 3156 449 3199 3.
476 3167 615 3200 cum
654 3159 892 3201 matre:
933 3155 997 3201 da
1027 3160 1201 3210 queste
1228 3157 1403 3211 parole
1434 3158 1700 3212 apparisce
1734 3157 1825 3203 0110
1862 3158 1913 3203 la
1948 3170 2178 3212 persona,
2210 3172 2241 3203 a
2269 3158 2349 3204 oui
2379 3160 2428 3204 la

276 3225 461 3270 lettera
503 3224 531 3270 ὸ
573 3224 773 3280 diretta,
810 3239 895 3270 era
938 3239 1122 3272 ancora
1161 3226 1330 3272 nubile
1374 3241 1400 3272 e
1442 3240 1540 3272 non
1582 3228 1682 3281 pub
1721 3240 1857 3273 esser
1900 3227 2072 3282 quindi
2112 3228 2163 3273 la
2206 3228 2430 3283 figliuola

277 3294 359 3339 del
385 3298 553 3349 poeta,
581 3294 666 3349 gia
694 3308 845 3351 sposa
870 3309 964 3350 per
991 3297 1041 3341 la
1070 3297 1287 3342 secondo,
1313 3298 1452 3342 volta
1481 3299 1543 3353 (4,
1570 3300 1635 3353 10,
1662 3300 1750 3352 75),
1776 3297 1827 3344 la
1855 3299 2006 3353 quale
2034 3299 2213 3344 viveva
2240 3300 2290 3344 in
2310 3300 2428 3355 quel

275 3368 445 3420 tempo
471 3365 675 3411 lontana
692 3366 767 3415 Aa
796 3367 953 3412 Roma
982 3370 1038 3421 (1,
1064 3369 1105 3422 3,
1148 3370 1230 3423 19).
1270 3368 1310 3412 Ε
1350 3368 1394 3413 si
1438 3368 1638 3414 eselude
1677 3368 1757 3415 del
1794 3369 1907 3424 pari
1945 3369 2035 3414 ehe
2071 3383 2224 3425 possa
2261 3384 2427 3416 essere

276 3449 378 3481 una
404 3435 650 3489 figliastra
678 3436 729 3481 di
754 3436 842 3491 lui,
870 3441 990 3483 nata
1019 3437 1084 3482 da
1109 3451 1178 3482 un
1203 3438 1365 3493 primo
1395 3438 1709 3484 matrimonio
1739 3439 1872 3484 della
1900 3443 2037 3485 terza
2066 3454 2158 3485 sua
2186 3440 2383 3494 moglie‚
2402 3453 2428 3485 e

276 3505 512 3551 maritata
540 3521 570 3552 a
599 3506 788 3564 Suillio,
813 3506 998 3561 perche
1027 3507 1063 3551 il
1092 3511 1242 3562 poeta
1269 3522 1368 3553 non
1397 3522 1618 3554 acoenna
1644 3509 1706 3555 ne
1737 3509 1836 3555 allo
1858 3523 2021 3566 sposo‚
2038 3509 2100 3556 ne
2134 3511 2236 3555 alla
2259 3511 2430 3555 madre

276 3589 370 3621 oon
397 3577 571 3631 parole
600 3577 690 3622 ohe
718 3577 967 3624 ricordino
993 3578 1199 3624 l’affetto
1230 3579 1294 3624 da
1336 3579 1408 3623 lui
1452 3593 1647 3634 sempre
1692 3579 1882 3625 alti-ove
1926 3580 2216 3626 dimostrato
2259 3592 2351 3634 per
2379 3581 2429 3624 la

275 3648 487 3702 propria
514 3660 808 3702 eompaglia.

409 3731 450 3775 4.
478 3730 660 3775 Pieri
671 3732 706 3775 d
717 3744 811 3785 ae,
854 3731 901 3775 le
930 3730 1085 3786 Muse,
1113 3732 1218 3778 cosi
1248 3733 1381 3778 dette
1410 3734 1543 3778 dalla
1574 3733 1778 3787 regione
1807 3733 1941 3778 della
1966 3731 2273 3786 Macedonia,
2302 3731 2429 3779 dove

276 3813 388 3846 esse
414 3813 666 3855 naequero
687 3800 737 3846 di
766 3801 921 3847 Giove
952 3814 979 3846 0
1009 3801 1059 3846 di
1087 3802 1407 3859 Mnemosine,
1428 3817 1456 3849 o
1486 3803 1619 3849 dalle
1647 3804 1781 3857 113110
1811 3803 1861 3848 di
1889 3803 2035 3847 Piero
2066 3801 2129 3846 da
2158 3814 2267 3846 esse
2295 3802 2439 3848 vinte‘

278 3870 415 3915 nella
447 3884 573 3924 gara
602 3870 682 3916 del
712 3875 874 3917 canto.

411 3955 450 3998 6.
477 3967 587 3999 nec
628 3956 807 3999 mord
835 3955 956 4006 (soil.
972 3956 1072 4001 erit
1101 3958 1166 4012 et)
1195 3958 1506 4013 requiret,
1534 3969 1559 4001 ‹
1575 3970 1600 4002 0
1623 3970 1771 4002 senza
1790 3954 1993 4008 indugio
2012 3954 2051 3998 ti
2068 3953 2375 4000 domandera
2390 3967 2429 4001 ›.
