2840 4464
1102 244 1291 285 menn
1328 243 1388 297 V,
1422 230 1471 285 7.
2287 224 2398 281 189

414 348 584 436 Eli'ge
627 359 978 415 nostrorum
1022 349 1354 416 minimum
1399 348 1853 433 minimumque
1897 349 2229 413 malorum:
2306 344 2393 412 35

498 451 632 529 isto,
680 450 845 537 quod
888 450 1184 536 quereriS,
1228 450 1523 538 grandius
1567 449 1720 516 illud
1765 450 1899 516 erit.

414 552 610 637 Quam
654 555 849 619 multa
892 552 1174 619 madidae
1218 554 1495 621 celantur
1541 550 1889 619 harundine
1934 550 2144 629 fossae,

502 654 721 721 florida
765 675 949 740 quam
995 657 1220 721 multas
1264 654 1457 740 Hybla
1500 664 1709 721 tuetur
1751 675 1914 741 apeS,

417 778 603 842 quam
645 759 876 824 multae
918 757 1126 844 gracili
1172 757 1419 824 terrena
1463 757 1576 823 sub
1623 756 1844 823 horrea
1888 755 2049 822 ferre

502 860 698 925 limite
741 859 1028 926 formicae
1071 880 1260 944 grana
1305 859 1552 946 reperta
1596 861 1811 936 solent,
2304 854 2396 920 40

422 972 544 1027 tam
589 982 690 1028 me
732 963 1079 1029 circumstat
1122 961 1455 1028 densorum
1499 962 1679 1028 turba
1724 963 2056 1027 malorum:

503 1064 681 1132 crede
725 1064 903 1141 mihi,
949 1084 1096 1130 vero
1140 1075 1232 1131 est
1274 1062 1482 1129 nostra
1527 1066 1776 1150 querela
1820 1063 2043 1128 minor.

420 1166 522 1231 His
566 1167 670 1252 qui
715 1176 1034 1233 contentus
1078 1187 1202 1232 non
1247 1176 1356 1244 est,
1404 1166 1471 1231 in
1516 1167 1661 1233 litus
1707 1167 1986 1242 harenaS,

505 1269 568 1333 in
616 1268 879 1355 segetem
923 1269 1136 1355 spicas,
1182 1269 1246 1333 in
1290 1289 1463 1334 mare
1507 1268 1722 1335 fundat
1763 1287 1968 1354 aquas,

417 1369 880 1457 Intempestivos
925 1371 1112 1457 igitur
1153 1390 1466 1457 compesce
1508 1381 1820 1451 tumoreS‚⁴
2306 1370 2396 1437 225

506 1474 644 1539 vela
689 1493 889 1559 neque
933 1474 998 1538 in
1044 1472 1246 1538 medio
1290 1472 1504 1540 desere
1550 1483 1756 1539 nostra
1800 1473 1975 1539 mari.

1262 1727 1382 1795 Vll.

422 1898 618 1983 Quam
663 1898 831 1984 legiS,
878 1918 954 1964 ex
998 1899 1105 1963 illa
1148 1898 1259 1963 tibi
1307 1897 1478 1965 venit
1522 1897 1782 1984 epistula
1826 1909 2009 1979 terra,

510 2002 667 2066 latus
710 2000 816 2066 ubi
862 2000 1180 2086 aequoreis
1223 2000 1472 2066 additur
1516 1999 1715 2066 Hister
1757 2000 1952 2086 aquis,

423 2104 484 2168 Si
531 2103 641 2169 tibi
686 2102 982 2189 contingit
1024 2122 1163 2168 cum
1207 2101 1368 2168 dulci
1412 2102 1540 2168 vita
1582 2103 1797 2182 salute,

505 2204 762 2273 candida
807 2205 1087 2272 fortunae
1129 2224 1272 2296 pars
1317 2213 1527 2271 manet
1570 2225 1693 2272 una
1736 2225 1928 2273 meae.

356 2423 422 2467 35.
449 2421 640 2477 eliae:
680 2419 857 2475 prendi
885 2418 920 2463 il
949 2417 1036 2474 piu
1064 2418 1257 2473 piccolo
1288 2418 1363 2462 de'
1383 2417 1500 2462 miei
1528 2418 1740 2471 travagli
1770 2431 1796 2463 e
1835 2417 1950 2464 sara
1985 2418 2076 2473 piu
2116 2420 2302 2473 grande
2342 2420 2396 2465 di

251 2495 439 2537 cotesto
468 2495 551 2536 tuo
581 2490 672 2536 che
700 2489 1004 2543 t’immagini.
1029 2488 1210 2534 Allude
1239 2489 1288 2534 al
1332 2487 1613 2543 dispiacere
1657 2487 1747 2533 che
1788 2488 1979 2534 l'amico
2022 2489 2394 2544 s’immaginava

250 2576 343 2617 per
371 2566 642 2607 awentura
670 2560 720 2605 di
749 2572 867 2605 aver
895 2560 1115 2605 ricevuto
1147 2559 1227 2604 dal
1256 2562 1420 2613 poeta.
1448 2582 1502 2592 —·
1543 2559 1675 2604 min
1687 2560 1882 2604 imum
1922 2559 2408 2616 minimumque:

251 2632 392 2678 metti
421 2646 452 2676 a
480 2631 737 2683 riscontro,
762 2644 854 2685 per
881 2630 932 2675 la
960 2630 1120 2675 forma
1149 2628 1488 2684 accrescitiva‚
1515 2629 1637 2674 l’uso
1676 2629 1810 2674 assai
1846 2629 2106 2683 frequente
2145 2630 2195 2675 di
2221 2633 2401 2687 maai-s

252 2703 539 2757 magisque.
567 2725 619 2734 -
646 2702 984 2755 malorum,
1012 2700 1088 2745 col
1120 2700 1190 2755 G„
1215 2713 1307 2754 per
1336 2700 1583 2745 laborum
1614 2699 1702 2744 che
1733 2700 1775 2745 si
1803 2701 1949 2754 legge
1979 2702 2183 2747 altrove.

356 2774 425 2817 36.
454 2785 608 2828 quer
620 2772 763 2827 eri8,
807 2771 884 2816 coi
927 2770 1069 2817 codd.
1118 2770 1357 2825 migliori,
1396 2784 1489 2824 per
1532 2772 1708 2825 queris
1750 2784 1779 2817 o
1820 2773 1956 2820 reris
2000 2771 2089 2817 che
2119 2774 2156 2818 s'
2169 2772 2400 2819 incontra

254 2844 459 2890 altrove.

355 2917 424 2960 37.
451 2926 643 2970 quam
691 2913 917 2967 multa,
958 2912 1064 2958 cioe
1108 2916 1325 2969 quanta.
1366 2936 1419 2947 -
1461 2913 1783 2968 madidae,
1822 2911 1954 2958 ossia
1994 2917 2316 2969 stagnantes.
2344 2938 2396 2947 ·-

250 2987 569 3042 celantur,
612 2983 691 3030 coi
718 2982 860 3028 codd.
902 2983 1130 3038 miffliori,
1156 2997 1248 3038 per
1289 2983 1625 3029 celebrantur
1663 2982 1787 3035 (cioe
1821 2984 2016 3038 plenae
2058 2989 2201 3036 sunt)
2233 2984 2322 3030 che
2353 2985 2397 3032 si

251 3057 397 3110 legge
428 3056 632 3101 altrove.

356 3128 425 3171 38.
451 3125 514 3170 H
516 3126 695 3180 ubla,
721 3128 886 3170 monte
916 3123 1049 3169 della
1078 3123 1261 3177 Sicilia,
1289 3123 1746 3169 abbondantissimo
1777 3123 1828 3168 di
1855 3123 1990 3169 timo.

358 3199 425 3242 39.
453 3209 645 3251 quam
684 3196 958 3250 multae,
1000 3195 1043 3240 si
1070 3194 1291 3241 riferisce
1322 3208 1352 3239 a
1391 3195 1663 3250 formicae.
1691 3218 1742 3227 -
1785 3195 2048 3250 gracili,
2081 3195 2197 3242 vale
2238 3198 2407 3251 tenui,

259 3271 495 3322 anqusto,
519 3279 545 3311 e
577 3266 620 3311 si
646 3265 871 3311 riferisce
900 3279 931 3310 a
961 3266 1143 3311 limite.

359 3339 426 3382 43.
453 3338 554 3381 his
591 3337 728 3391 qui:
755 3335 834 3381 chi
861 3349 960 3381 non
989 3348 1119 3390 pago
1150 3334 1200 3380 di
1227 3339 1362 3381 tante
1392 3335 1488 3381 mie
1518 3337 1748 3381 sventure
1776 3335 1970 3381 volesse
1992 3335 2398 3390 aggiungerveno

256 3407 396 3460 altre,
421 3405 623 3451 farebbe
652 3419 790 3451 come
820 3406 951 3451 colui
980 3405 1069 3451 che
1099 3419 1362 3460 spat-gesse
1392 3418 1547 3451 arena
1575 3406 1651 3450 sul
1680 3405 1797 3453 lido.

332 3523 562 3576 Elegia
604 3524 767 3580 vll,
814 3523 947 3569 nella
989 3523 1137 3577 quale
1179 3523 1214 3568 il
1256 3525 1409 3578 poeta
1452 3522 1494 3568 si
1536 3522 1683 3569 duole
1722 3536 1814 3568 con
1856 3537 1922 3568 un
1953 3523 2110 3570 amico
2141 3524 2274 3569 della
2302 3538 2398 3572 sua

253 3598 501 3640 eventura.
1386 3601 1391 3606 ’

387 3667 426 3708 1.
458 3665 613 3721 illa,
655 3666 761 3711 scil.
785 3665 1047 3721 Scythica.

384 3742 424 3785 2.
454 3739 631 3784 latus
666 3739 803 3783 ubi:
831 3737 955 3782 dove
985 3737 1145 3782 l‘Istro
1177 3737 1440 3790 (Danubio)
1469 3738 1649 3783 sbocca
1676 3737 1977 3784 nell’Eusino
2009 3742 2133 3792 (mar
2159 3739 2326 3791 Nero).

383 3810 425 3855 3.
452 3809 802 3863 contingit,
830 3807 908 3853 coi
936 3807 1092 3862 codd„
1119 3820 1209 3863 per
1237 3809 1510 3864 contigerit
1539 3805 1669 3855 delle
1698 3809 1894 3854 antiche
1925 3809 2151 3855 edizioni.

383 3882 425 3925 4.
453 3892 571 3925 can
583 3879 767 3924 dida:
808 3878 844 3924 il
871 3882 1023 3933 poeta
1050 3878 1312 3933 parafrasa
1339 3880 1390 3924 in
1418 3883 1596 3934 questo
1627 3879 1802 3926 ffistico
1832 3880 1883 3924 la
1923 3880 2083 3927 forma
2124 3880 2401 3937 epistolare

245 3953 295 3998 ei
322 3951 467 3998 vales
498 3951 621 3997 bene
649 3953 739 4004 eet,
768 3948 874 3995 cioe
904 3963 956 3995 se
985 3954 1039 3994 tu
1068 3949 1164 3995 stai
1191 3949 1319 3995 bene
1348 3950 1395 3995 io
1426 3965 1523 3996 non
1554 3964 1672 3996 sono
1701 3951 2019 4007 pienamente
2047 3950 2260 3998 infelice.
