2840 4464
97 3 654 55 er-“wffisswf
680 3 718 13 ⁵·
773 6 776 7 ⁷
814 3 867 12 'r
903 3 941 21 ι’
995 1 1002 4 ·
1091 18 1099 31 .
1163 1 1174 12 ·

250 38 259 48 ι
318 32 327 41 ”
599 34 607 40 '
1137 39 1140 48 Ι

158 70 175 82 ⁴
312 74 319 85 ι

180 105 186 115 ,
397 97 401 108 ι

1127 293 1317 335 mmm
1354 291 1392 347 1,
1431 278 1510 332 10.
2325 279 2390 330 45

426 399 578 486 Ergo
621 408 689 466 ut
732 397 976 465 defendi
1025 401 1195 467 nullo
1239 420 1374 466 mea
1417 420 1595 486 posse
1638 402 1857 479 colore,

511 501 594 567 sic
637 503 906 568 excusari
952 503 1209 568 crimina
1252 523 1431 589 posse
1472 511 1639 589 puto.

425 604 556 688 Qua
598 613 789 692 poteS‚
836 625 1071 684 excusa,
1119 625 1231 672 nec
1272 605 1447 671 amici
1495 603 1707 671 desere
1751 607 2017 671 causam!
2309 603 2388 669 65

512 728 631 793 quo
677 708 833 774 bene
877 708 1144 794 coepisti,
1192 709 1276 773 sic
1317 707 1474 796 pede
1519 727 1763 796 semper
1804 728 1923 773 eas.

1287 945 1370 1008 X.

424 1074 524 1140 Est
553 1076 728 1154 mihi,
763 1114 840 1123 —
874 1076 1088 1162 sitque,
1119 1075 1353 1163 precor,
1388 1077 1584 1143 flavae
1612 1077 1799 1145 tutela
1830 1075 2137 1142 Minervae
2173 1115 2272 1155 -—-‚

509 1178 702 1257 naviS‚
748 1188 810 1244 et
852 1200 887 1244 a
930 1179 1089 1265 picta
1132 1179 1359 1245 casside
1404 1199 1630 1246 nomen
1674 1179 1875 1246 habet.

422 1280 564 1347 Sive
607 1302 759 1369 opus
802 1291 892 1348 est
921 1283 1092 1361 veliS,
1126 1283 1449 1348 minimam
1478 1283 1636 1349 bene
1679 1283 1869 1349 currit
1912 1282 1988 1348 ad
2033 1302 2278 1348 auram:

508 1385 637 1451 sive
680 1406 832 1472 opus
876 1395 966 1452 est
1012 1406 1198 1463 remo,
1245 1386 1476 1473 remige
1518 1386 1713 1472 carpit
1756 1386 1890 1452 iter.

421 1486 539 1554 Nec
581 1489 825 1554 comites
870 1488 1102 1555 voliicri
1145 1498 1426 1555 contenta
1470 1499 1561 1555 est
1603 1489 1849 1555 vincere
1891 1509 2091 1566 cumn,
2348 1489 2384 1553 5

507 1602 773 1678 occupat,
818 1612 1086 1679 egressas
1130 1591 1473 1678 quamlibet
1515 1601 1676 1670 ante,
1708 1601 1886 1671 rateS,

421 1703 481 1760 et
521 1695 753 1780 pariter
799 1696 1015 1761 fluctus
1059 1694 1201 1761 ferit
1243 1704 1426 1781 atque
1468 1694 1710 1760 silentia
1753 1696 1931 1782 longe

506 1817 788 1883 aequora,
837 1817 947 1863 nec
989 1797 1184 1864 saevis
1229 1797 1385 1863 victa
1430 1797 1719 1863 madescit
1762 1796 1952 1883 aquis,

422 1898 528 1965 ma
573 1900 970 1966 corinthiaeis
1012 1900 1286 1986 primum
1338 1900 1496 1965 mihi
1540 1899 1775 1987 cognita
1819 1881 2164 1976 Cenchreis,

356 2083 423 2126 63.
451 2081 633 2126 nullo
675 2082 915 2136 colore,
951 2093 1041 2126 oon
1078 2093 1261 2126 nessun
1295 2084 1532 2136 pretesto,
1560 2093 1652 2126 con
1687 2093 1903 2126 nessuna
1940 2092 2101 2134 seusa,
2136 2076 2385 2124 facendoli

247 2151 482 2206 apparire
511 2151 693 2197 diversi
722 2150 787 2197 da
814 2150 980 2207 quello
1009 2150 1098 2196 che
1129 2161 1263 2196 sono.

357 2226 424 2269 65.
452 2230 590 2279 qua,
617 2238 641 2269 ‹
669 2223 749 2269 nel
777 2222 921 2269 modo
950 2223 1038 2269 ohe
1069 2232 1106 2267 >.

354 2298 420 2340 66.
450 2309 590 2351 quo,
626 2295 729 2341 scil.
747 2295 910 2351 pedm
936 2295 1162 2350 coepisti,
1191 2294 1295 2339 soil.
1321 2294 1431 2349 ire‚·
1456 2295 1533 2339 sic
1559 2295 1671 2340 vale
1700 2295 1889 2339 eodem.

328 2402 558 2455 Elegia
585 2403 667 2456 X,
698 2401 798 2446 alla
824 2401 1030 2456 propria
1055 2413 1199 2445 nave.

384 2475 422 2517 1.
451 2475 543 2517 eet
578 2473 738 2517 mihi
765 2471 806 2517 si
834 2471 1030 2525 collega
1057 2484 1150 2517 con
1176 2472 1409 2517 navis.—
1437 2472 1673 2526 sitque,
1692 2470 1798 2516 scil.
1816 2472 1961 2516 mihi.
1980 2495 2031 2503 —
2051 2472 2263 2517 tutela
2291 2484 2315 2515 ‹
2336 2470 2386 2515 di

241 2542 531 2598 protezione
557 2554 598 2596 ›‚
623 2543 978 2589 riferitamente
1007 2542 1314 2596 all’imagine
1342 2541 1477 2587 della
1505 2541 1599 2587 dea
1633 2542 1723 2587 che
1752 2541 1803 2587 vi
1831 2542 1857 2588 ὸ
1900 2541 2089 2597 dipinta
2118 2556 2146 2588 o
2175 2542 2387 2598 soolpita

244 2613 376 2661 sulla
403 2628 546 2670 prua-

378 2687 418 2730 2.
446 2686 722 2739 casside,
749 2683 994 2730 dall‘elmo
1023 2684 1130 2729 cioe
1169 2682 1219 2728 di
1253 2683 1491 2736 Minerva,
1517 2683 1607 2729 che
1637 2697 1724 2730 era,
1760 2683 1951 2738 dipinto
1986 2684 2121 2729 nella
2156 2697 2299 2740 praa,
2334 2685 2384 2729 la

241 2768 368 2800 nave
399 2768 556 2800 aveva
583 2755 715 2801 forse
742 2767 890 2809 proso
919 2754 954 2798 il
981 2767 1125 2800 nome
1155 2753 1206 2798 di
1233 2747 1585 2814 κορυθαίολος
1614 2767 1643 2800 o
1672 2755 1799 2799 altro
1827 2753 2143 2807 simigliante.

376 2832 416 2875 3.
444 2830 791 2884 minimam,
817 2841 844 2874 ‹
872 2830 972 2874 alla
998 2828 1087 2883 piu
1115 2829 1339 2884 leggiera
1368 2841 1406 2876 ›.

376 2904 416 2946 4.
445 2901 675 2955 carpit,
701 2913 725 2946 ‹
755 2899 916 2955 fende,
943 2899 1115 2945 divora,
1141 2911 1180 2945 ›.

375 2975 416 3017 5.
443 2972 726 3026 comites,
755 2970 859 3016 scil.
887 2983 1059 3015 naves.
1086 2994 1139 3001 —
1165 2971 1438 3026 volucri,
1466 2984 1593 3026 agg„
1620 2984 1644 3015 ‹
1670 2971 1839 3016 veloce
1869 2981 1906 3015 ›.

376 3044 416 3086 6.
444 3044 725 3096 occupat,
752 3054 775 3087 ‹
796 3054 1043 3097 precone,
1059 3055 1258 3097 avanm,
1279 3041 1417 3087 vince
1439 3053 1477 3087 ›.
1504 3066 1555 3074 —
1586 3054 1905 3097 carcesae,
1933 3041 2036 3087 scil.
2051 3045 2233 3097 porta,
2249 3054 2273 3087 ‹
2290 3043 2385 3088 sal-

241 3116 358 3167 pate
389 3123 428 3157 >.
714 3154 717 3157 .

375 3186 415 3229 7.
443 3183 535 3228 Nel
575 3182 914 3228 Laurenziano
956 3184 991 3227 il
1032 3198 1077 3228 v.
1118 3183 1145 3228 ὲ
1188 3183 1292 3229 cosl
1331 3183 1545 3229 riferito:
1588 3187 1636 3229 et
1669 3185 1893 3239 paritur
1923 3185 2125 3239 fluctus
2153 3185 2249 3241 fle.
2265 3221 2276 3233 .
2292 3186 2385 3234 ‚rit

237 3255 369 3307 (Vat.
390 3255 541 3310 ferit)
569 3258 726 3309 atque
751 3254 972 3300 silencio
999 3254 1127 3307 (Vat.
1153 3255 1386 3306 silentia)
1415 3255 1575 3310 lonae,
1602 3254 1652 3299 in
1680 3254 1825 3300 modo
1854 3254 1960 3300 cioe
1977 3255 2109 3300 assai
2135 3255 2384 3302 conforme

240 3326 342 3371 alla
369 3324 559 3370 lezione
589 3324 652 3370 da
678 3324 762 3370 noi
790 3323 1027 3370 adottata.
1056 3349 1107 3356 -
1133 3325 1409 3380 fluctus,
1437 3339 1529 3379 per
1555 3325 1774 3371 indicare
1792 3326 1843 3371 la
1862 3330 2000 3372 costa
2018 3339 2076 3372 su
2095 3326 2174 3371 cui
2193 3326 2230 3371 il
2250 3341 2384 3372 mare

239 3396 468 3450 infrange
496 3396 512 3440 i
543 3395 652 3441 suoi
679 3396 831 3452 flutti3
860 3396 1075 3441 silentia
1104 3409 1335 3451 aequora
1363 3396 1405 3441 si
1433 3396 1653 3442 riferisce
1682 3397 1866 3443 all’alto
1895 3400 2043 3443 ma're.

373 3468 413 3511 8.
440 3468 612 3512 victa
651 3467 966 3512 madescit
994 3468 1070 3512 col
1100 3468 1171 3513 L.:
1198 3467 1355 3512 lascia
1391 3467 1500 3513 oioe
1528 3467 1685 3513 filtrar
1712 3468 1908 3524 l'acqua
1934 3481 2025 3524 per
2062 3470 2108 3515 le
2138 3483 2225 3515 sue
2254 3483 2384 3516 com·

244 3550 478 3583 messure.
1894 3528 1897 3531 ⁴

376 3610 416 3652 9.
444 3608 572 3653 illa
614 3608 911 3654 Corinthi
923 3609 1080 3664 aci83
1108 3608 1205 3653 feci
1242 3609 1293 3653 la
1330 3622 1422 3654 sua.
1459 3622 1779 3660 conoscenza,
1808 3610 1874 3655 mi
1902 3609 2180 3655 o'imbarcai
2209 3625 2301 3665 per
2334 3612 2384 3656 la

239 3677 402 3732 prima
428 3679 563 3724 volta
600 3693 630 3724 a
671 3678 853 3724 Oencri
890 3678 1197 3735 (Oenomao),
1233 3679 1354 3724 citt&
1390 3686 1537 3734 posta
1574 3679 1638 3725 ad
1676 3680 1862 3725 oriente
1901 3680 2168 3726 dell'istmo
2206 3681 2257 3725 di
2293 3681 2385 3726 Co-

239 3748 385 3803 rinto‚
410 3751 488 3795 nel
511 3749 599 3804 piu
624 3749 868 3803 profondo
897 3762 1091 3796 recesso
1121 3749 1201 3796 del
1229 3750 1364 3804 golfo
1385 3750 1863 3805 Saronico.Bisogna
1880 3751 2048 3806 percio
2064 3751 2384 3804 immaginare

238 3820 330 3866 che
359 3820 392 3864 il
422 3825 573 3874 poeta
601 3820 676 3865 sia
703 3819 874 3873 giunto
903 3833 994 3865 con
1023 3821 1232 3866 un’altra
1274 3834 1399 3866 nave
1438 3821 1723 3866 sull’ultima
1751 3822 1942 3876 sponda
1969 3821 2273 3866 occidentale
2302 3822 2382 3868 del

240 3890 376 3946 golfo
406 3889 457 3935 di
484 3890 699 3946 Corium,
727 3905 753 3935 e
783 3890 874 3936 che
904 3891 1053 3936 abbia
1081 3895 1356 3937 traversato
1377 3906 1407 3937 a
1434 3892 1570 3947 piedi
1600 3892 1798 3947 l'istm0,
1820 3906 1911 3947 per
1939 3891 2226 3937 imbarcarsi
2256 3892 2383 3938 sulla

239 3975 381 4016 nave,
409 3976 439 4007 a
467 3961 546 4006 cui
576 3960 602 4006 ὲ.
633 3975 722 4008 ora
751 3961 978 4008 dedicato
1010 3962 1040 4006 il
1072 3976 1160 4008 suo
1189 3976 1366 4008 carme.
1390 3988 1444 3995 —
1478 3963 1819 4008 Cenchreis
1849 3962 1874 4007 ὲ
1905 3961 2214 4007 considerato
2244 3977 2379 4007 come

240 4032 472 4079 bisillabo
500 4046 592 4088 per
621 4032 830 4079 sinizesi.
