2840 4464
1116 254 1312 296 menn
1346 254 1436 310 111,
1469 239 1518 298 3.
2316 242 2384 296 95

409 359 540 427 Non
585 359 728 447 agiS,
774 359 1063 427 adfirmo:
1110 360 1303 446 liquet
1347 359 1479 437 hoc,
1525 359 1854 438 carissima,
1902 361 2096 440 1101115,

492 473 733 549 tempus
777 462 868 550 agi
916 463 1049 528 sine
1092 482 1194 529 me
1239 481 1361 529 non
1407 462 1532 532 ni'si
1578 463 1751 529 triste
1794 463 1924 530 tibi.

407 565 482 634 Si¹
516 574 723 631 tamen
762 565 1045 651 implevit
1088 585 1223 632 mea
1269 586 1418 644 5015,
1467 565 1893 653 quosdebuit,
1940 563 2152 644 armoe,

487 677 548 733 et
591 667 747 733 mihi
795 667 1045 734 vivendi
1090 678 1217 734 tam
1262 669 1379 756 cito
1418 668 1561 733 finis
1606 668 1793 747 adest,
2295 670 2378 737 30

404 782 703 856 quantum
738 781 889 849 erat,
937 792 975 836 0
1017 772 1247 859 magni,
1293 771 1595 865 mjorituro
1624 773 1910 857 parcere,
1954 771 2101 851 divi,

490 882 558 939 ut
603 875 819 940 saltem
862 873 1061 960 patria
1104 858 1587 953 contfilbularer
1611 874 1839 940 humo?

407 978 503 1042 vel
550 976 748 1062 poena
793 977 858 1041 in
902 985 1145 1062 tempus
1189 978 1406 1044 mortis
1449 976 1639 1043 dilata
1681 977 1911 1055 suisset,

489 1080 586 1144 vel
631 1079 1036 1165 praecepisset
1077 1099 1242 1146 mors
1285 1079 1615 1166 properata
1659 1080 1882 1166 fugam.

403 1181 642 1268 Integer
687 1182 844 1248 hanc
886 1182 1054 1268 potui
1102 1203 1305 1269 nuper
1348 1181 1508 1249 bene
1555 1183 1814 1250 reddere
1844 1185 2075 1250 lucem:
2294 1186 2374 1252 35

489 1286 659 1351 exsul
707 1294 774 1351 ut
810 1285 1172 1364 occiderem,
1220 1306 1384 1352 nunc
1429 1286 1587 1351 mibi
1625 1285 1750 1352 vita
1785 1286 1925 1351 data
1969 1296 2077 1352 est.

404 1386 552 1452 Tam
595 1389 805 1474 procul
852 1389 1072 1475 ignotis
1116 1389 1303 1475 igitur
1346 1390 1687 1456 moriemur
1729 1389 1793 1454 in
1841 1389 1983 1466 0115,

489 1498 548 1556 et
592 1490 743 1565 fient
785 1491 917 1577 ipso
964 1491 1162 1557 tristia
1206 1491 1325 1557 sata
1369 1493 1526 1571 loco;

405 1611 518 1658 nec
558 1613 695 1660 mea
730 1603 1015 1660 consueto
1059 1594 1452 1680 languescent
1493 1614 1747 1679 corpora
1794 1594 1963 1672 lecto,

485 1694 829 1782 depositum
873 1716 989 1762 nec
1029 1717 1130 1762 me
1173 1697 1279 1782 qui
1325 1697 1487 1774 fleat,
1534 1697 1698 1763 ullus
1742 1696 1893 1776 erit3
2290 1697 2375 1763 [10

404 1817 515 1863 nec
557 1797 859 1865 dominae
887 1798 1172 1877 lacrimis,
1220 1799 1283 1863 in
1330 1809 1536 1865 nostra
1580 1797 1935 1865 cadentibus
1980 1820 2106 1877 ora,

488 1896 770 1977 accedent
814 1898 1056 1963 animae
1098 1907 1375 1983 tempora
1419 1917 1610 1983 parva
1654 1917 1860 1963 meae:

401 2017 513 2064 nec
553 1998 840 2081 mandata
885 1999 1060 2077 dab0,
1108 2020 1220 2065 nec
1261 2020 1401 2066 cum
1446 2002 1710 2065 clamore
1760 2019 2049 2086 supremo

485 2102 759 2167 labentes
803 2103 1005 2168 oculos
1048 2102 1265 2168 condet
1309 2102 1502 2168 amica
1548 2122 1794 2182 manus3

399 2201 505 2269 sed
548 2203 680 2271 sine
723 2204 1041 2272 funeribus
1083 2215 1264 2292 caput
1309 2205 1440 2285 hoc,
1488 2205 1620 2271 sine
1667 2205 1901 2271 honore
1945 2205 2207 2292 sepulcri
2286 2205 2368 2272 45

486 2307 939 2394 indeploratum
976 2308 1237 2374 barbara
1280 2317 1446 2374 terra
1491 2318 1667 2394 teget.

398 2408 640 2496 Ecquid,
686 2410 792 2477 ubi
837 2411 1122 2489 audieriS,
1167 2420 1290 2477 tota
1334 2411 1663 2477 turbabere
1705 2420 1931 2490 mente,

483 2521 543 2577 et
585 2512 766 2579 feries
810 2513 1031 2600 pavida
1062 2524 1303 2600 pectora
1352 2513 1475 2579 fida
1518 2519 1743 2580 manu?

334 2766 402 2809 29.
430 2777 586 2819 quoe
623 2766 864 2821 debuit,
892 2779 916 2810 ‹
945 2763 1034 2811 che
1064 2765 1134 2819 gli
1162 2765 1338 2811 furono
1367 2764 1637 2820 assegnati,
1666 2765 1887 2810 concessi
1917 2776 1956 2809 ›.

331 2836 399 2879 31.
427 2836 766 2890 morituro,
803 2849 827 2880 ‹
856 2850 886 2881 a
922 2835 1001 2881 chi
1039 2849 1126 2881 era
1161 2835 1410 2881 destinato
1441 2849 1472 2881 a
1499 2835 1679 2881 morire
1709 2835 1752 2880 51
1778 2839 1947 2890 presto
1975 2847 2015 2882 ›.
2042 2860 2094 2869 -
2132 2851 2179 2893 q.
2207 2842 2372 2894 erat,

223 2918 248 2949 <
280 2905 370 2950 che
399 2905 449 2949 vi
478 2905 687 2951 sarebbe
717 2909 906 2951 costato
937 2916 976 2950 ›.

329 2978 398 3021 33.
426 2978 493 3022 in
529 2981 802 3033 tempus,
843 2991 868 3022 <
896 2978 1099 3032 proprio
1127 2978 1209 3023 nel
1239 2981 1484 3024 momento
1513 2979 1565 3024 in
1593 2978 1672 3023 cui
1703 2978 1743 3023 si
1775 2978 1981 3023 sarebbe
2004 2983 2298 3033 appressata
2319 2991 2362 3029 ›.

328 3050 396 3092 34.
415 3050 880 3103 praecepisset,
894 3062 917 3093 ‹
935 3062 1109 3094 avesse
1123 3052 1397 3103 prevenuto
1414 3059 1693 3105 >.—prop
1706 3052 1905 3103 erata,
1929 3062 1953 3093 ‹
1969 3048 2309 3096 affrettandosi
2326 3061 2368 3094 ›.

326 3108 394 3163 35'.
420 3118 682 3175 inteoer,
710 3119 843 3164 ossia
870 3120 1163 3174 incolumis,
1190 3120 1428 3165 nondum
1456 3120 1640 3165 exsilio
1667 3120 1943 3164 multatus.
1963 3143 2016 3151 —
2046 3121 2209 3177 bene,
2237 3134 2261 3165 ‹
2280 3134 2366 3167 vo·

218 3188 432 3243 lautiori,
461 3202 608 3234 senza
635 3189 899 3244 rimpianto
927 3201 967 3235 ›.
997 3212 1045 3222 -
1077 3190 1302 3244 lucem,
1330 3189 1437 3235 cioe
1465 3191 1645 3235 vitam.

328 3261 398 3305 36.
426 3261 605 3315 data,
633 3272 658 3303 <
685 3263 976 3306 conservata
1005 3271 1043 3304 >.

327 3332 396 3375 38.
424 3332 676 3387 tristia,
704 3345 728 3376 ‹
758 3331 1002 3385 dolorosa,
1027 3344 1216 3386 penosa
1246 3343 1285 3387 >3
1313 3331 1437 3387 loco,
1465 3332 1561 3377 abl.
1591 3331 1641 3376 di
1670 3344 1823 3377 causa

325 3403 394 3446 40.
423 3402 535 3457 dep
549 3403 805 3456 ositum,
835 3403 968 3448 ossia
998 3404 1350 3458 desperatum,
1378 3416 1402 3447 ‹
1433 3404 1508 3448 sul
1537 3406 1691 3458 punto
1720 3402 1771 3446 di
1799 3404 1955 3448 morte
1986 3413 2024 3448 ›.

326 3475 394 3517 41.
424 3473 746 3529 lacrimis,
777 3473 873 3519 abl.
901 3473 950 3518 di
978 3473 1311 3528 provenienza
1338 3474 1529 3520 riferito
1560 3474 1624 3519 ad
1654 3474 1909 3520 accedent.

325 3546 394 3588 42.
422 3544 698 3600 animae,
725 3558 817 3599 per
843 3545 1078 3600 spiritui.

324 3616 392 3660 43.
419 3617 753 3671 mandata,
794 3628 818 3659 ‹
846 3615 1007 3660 ultimi
1042 3616 1198 3662 voleri
1236 3630 1264 3663 0
1301 3616 1761 3663 raccomandazioni
1790 3628 1813 3659 >
1853 3617 1932 3663 del
1970 3618 2274 3665 moribondo.
2313 3643 2364 3650 —

217 3685 500 3732 clamore
535 3699 856 3743 supremo,
885 3687 935 3732 di
962 3687 1041 3732 chi
1070 3687 1263 3733 chiama
1291 3702 1321 3733 a
1349 3702 1491 3734 nome
1522 3688 1557 3733 il
1587 3688 1888 3744 moribundo,
1907 3702 2043 3735 come
2063 3703 2154 3744 per
2182 3688 2364 3734 assicu-

213 3757 345 3803 rarsi
373 3757 462 3803 che
491 3758 566 3804 sia
595 3758 783 3813 spirate
812 3773 839 3804 e
868 3758 958 3805 dar
985 3759 1231 3815 principio
1261 3760 1308 3805 al
1338 3761 1638 3816 compianto.
1796 3818 1802 3825 ἱ

324 3831 392 3874 44.
421 3829 733 3885 labente&
778 3829 867 3875 che
911 3833 1149 3885 s’aprono
1191 3832 1474 3877 tremolanti
1518 3846 1544 3876 e
1586 3831 1808 3885 languidi
1854 3832 1934 3878 nel
1974 3831 2188 3885 singulto
2232 3832 2363 3876 della

217 3902 390 3945 morte.

248 4019 263 4025 ,
324 3973 390 4016 46.
419 3971 928 4028 indeploratum,
957 3986 981 4017 ‹
1010 3987 1105 4018 non
1135 3973 1416 4027 compianto
1448 3984 1485 4018 ›.
