2840 4464
1004 0 1702 49 „W

86 272 119 323 -.
40 0 113 213 ἑῖῖὖ..

1123 250 1310 315 menn
1345 273 1405 329 v,
1439 259 1489 313 8.
1561 242 1570 249 ⁰
2276 256 2374 312 193

1230 620 1373 686 vul.

398 830 529 895 Non
576 831 727 896 adeo
770 831 981 910 ceci‘di,
1027 832 1306 916 quamvis
1350 832 1637 906 abiectus,
1682 840 1750 897 ut
1786 829 1944 894 infra

485 942 546 998 te
591 953 832 1020 quoque
874 933 1010 1011 sim,
1059 934 1311 1000 inferius
1353 954 1476 1020 quo
1520 933 1675 999 nihil
1722 952 1854 998 esse
1895 940 2110 1017 potest.

403 1032 571 1117 Quae
613 1034 724 1100 tibi
770 1055 867 1102 res
910 1036 1148 1101 animos
1191 1036 1256 1101 in
1302 1056 1402 1102 me
1446 1034 1603 1113 facit,
1651 1034 1948 1121 improbe,
1994 1051 2179 1098 curve

485 1135 720 1203 casibus
762 1137 1036 1216 insultas,
1083 1158 1233 1224 quos
1275 1147 1447 1224 potes
1492 1137 1622 1225 ipse
1664 1137 1827 1223 pati?

410 1236 528 1304 Nec
572 1240 731 1304 mala
777 1249 836 1306 te
883 1238 1147 1306 reddunt
1188 1240 1402 1305 mitem
1443 1239 1874 1326 placidumque
1917 1235 2134 1302 iacenti
2329 1233 2366 1298 5

488 1351 714 1420 nostra,
761 1341 982 1427 quibus
1024 1342 1260 1428 possint
1303 1342 1690 1407 inlacrimare
1733 1341 1916 1417 ferae,

403 1463 515 1510 nec
556 1444 779 1510 metuis
823 1443 1010 1510 dubio
1055 1444 1358 1510 Fortunae
1400 1444 1617 1509 stantis
1661 1444 1721 1507 in
1767 1442 1916 1508 orbe

486 1564 715 1611 numen
763 1555 824 1610 et
867 1566 1082 1612 exosae
1126 1546 1315 1612 verba
1359 1546 1623 1631 superba
1666 1543 1856 1610 deae?

403 1646 601 1734 Exi‘git
640 1668 674 1712 a
719 1647 916 1735 dignis
961 1649 1152 1714 ultrix
1197 1648 1576 1714 Rhamnusia
1605 1667 1858 1734 poenas:

354 1828 366 1833 ⁴
486 1750 769 1836 imposito
813 1751 1002 1815 calcas
1046 1750 1192 1835 quid
1236 1770 1373 1816 mea
1417 1752 1536 1815 fata
1581 1749 1770 1836 pede?
2290 1745 2368 1809 10

401 1852 537 1918 Vidi
585 1873 695 1939 ego
741 1853 1123 1939 naufragium
1170 1853 1273 1939 qui
1322 1853 1473 1931 risit,
1522 1853 1585 1917 in
1632 1871 1895 1938 aequore
1942 1849 2151 1936 mergi,

485 1964 544 2021 et
603 1983 629 2011 «
660 1954 983 2040 Nunquam
1015 1985 1040 2012 ι·
1098 1955 1221 2020 dixi
1284 1955 1557 2021 «iustior
1599 1954 1771 2020 unda
1813 1953 2016 2019 fuit».
2086 1965 2091 1970 ·

397 2057 557 2123 Vilia
601 2057 706 2142 qui
751 2056 1060 2143 quondam
1106 2057 1345 2124 miseris
1388 2058 1681 2123 alimenta
1728 2065 1994 2142 negarat,

482 2179 646 2224 nunc
689 2159 1030 2226 mendicato
1072 2159 1340 2247 pascitur
1383 2159 1514 2247 ipse
1557 2158 1708 2225 cibo,

398 2262 675 2329 Passibus
717 2262 1017 2349 ambiguis
1060 2262 1332 2330 Fortuna
1373 2262 1661 2329 volubilis
1705 2271 1870 2328 errat
2287 2257 2362 2322 15

482 2374 542 2430 et
583 2374 793 2431 manet
837 2365 898 2430 in
946 2366 1119 2430 nullo
1163 2376 1324 2431 certa
1368 2376 1675 2451 tenaxque
1718 2366 1888 2429 loco:

308 2639 537 2692 Elegia
575 2639 763 2693 VIII,
792 2638 926 2684 nella
967 2639 1116 2692 quale
1158 2639 1193 2682 il
1234 2642 1386 2693 poeta
1416 2638 1612 2683 ricorda
1641 2652 1670 2683 a
1698 2637 1776 2683 chi
1805 2636 2034 2691 l'insulta,
2062 2634 2370 2680 l’instabilita

227 2709 363 2755 della
390 2708 601 2758 fortuna.

363 2783 401 2824 1.
428 2779 722 2835 quamvis
764 2780 1082 2833 abiectus,
1122 2792 1146 2823 ‹
1174 2782 1496 2834 quantunque
1524 2779 1589 2824 mi
1616 2780 1743 2824 trovi
1785 2779 1834 2824 in
1873 2778 2051 2824 misero
2089 2781 2219 2822 stato
2247 2786 2286 2820 ›.
2314 2799 2367 2808 -

223 2851 432 2905 infra,
460 2862 484 2892 ‹
514 2848 561 2894 al
590 2849 639 2892 di
669 2852 796 2893 sotto
824 2860 864 2894 ›.
1449 2895 1455 2901 ,

360 2922 400 2965 3.
420 2920 592 2975 facit
635 2920 905 2973 animoa,
932 2932 957 2963 ‹
985 2920 1199 2965 accende
1229 2920 1335 2965 l'ira
1363 2924 1449 2965 tua
1477 2933 1506 2966 o
1535 2920 1573 2965 ti
1601 2919 1753 2965 rende
1780 2919 1969 2965 audace
1997 2929 2034 2962 ›.

358 2994 399 3035 5.
425 2990 606 3035 mala
634 2988 877 3035 concorda
906 3002 996 3035 con
1025 2994 1225 3036 nostra.

357 3064 398 3106 6.
419 3061 701 3117 possint,
728 3060 1041 3110 coll’Hcinse.
1068 3073 1159 3116 per
1178 3065 1406 3116 possunt
1436 3061 1517 3106 del
1547 3061 1602 3106 G.
1631 3074 1658 3106 e
1686 3061 1739 3105 P.

359 3135 398 3177 7.
425 3131 606 3177 Oostr.:
633 3144 725 3176 noc
766 3132 958 3176 metuis
997 3143 1192 3177 numen
1211 3133 1467 3187 fortunae
1506 3133 1701 3177 stantis
1728 3133 1786 3176 in
1815 3130 1969 3176 dubio
1996 3131 2117 3175 orbe
2141 3129 2184 3184 (‹
2214 3142 2363 3183 sopra

221 3202 453 3248 instabile
481 3204 624 3247 ruota
651 3205 710 3252 ›).

354 3275 395 3318 8.
424 3286 673 3324 exosae,
714 3286 738 3316 ‹
768 3271 1001 3324 aborrita,
1027 3272 1196 3317 odiata
1223 3283 1261 3316 ›.

354 3346 395 3387 9.
421 3343 851 3394 Rhamnusia,
887 3342 1099 3398 Nemesi,
1127 3342 1222 3387 dea
1249 3343 1381 3388 della
1407 3343 1657 3391 vendetta.
1687 3344 1767 3388 dal
1787 3344 1943 3396 borgo
1965 3343 2238 3387 Ramnunte
2259 3342 2361 3387 nel-

223 3414 437 3467 l’Attica‚
464 3413 661 3458 dov'era
690 3412 739 3457 la
767 3426 859 3458 sua
901 3417 1078 3458 statua.
1119 3437 1172 3444 -
1214 3414 1428 3469 exigit,
1473 3415 1549 3459 col
1579 3415 1649 3468 G„
1677 3414 1729 3458 P.
1764 3427 1791 3457 e
1823 3414 1893 3467 V„
1919 3425 2011 3467 per
2037 3414 2200 3468 exiget
2227 3413 2363 3466 degli

154 3517 161 3522 -
225 3483 339 3529 altri
367 3483 508 3529 codd.
537 3497 563 3528 6
595 3482 723 3528 delle
753 3482 949 3528 antiche
979 3482 1203 3528 edizioni.
1230 3507 1282 3515 -
1325 3498 1359 3530 a
1405 3485 1634 3539 dianio,
1669 3485 1746 3529 col
1777 3484 1846 3534 G..
1876 3484 1928 3528 Ρ.
1964 3498 1991 3527 6
2024 3484 2096 3537 V.‚
2128 3497 2152 3528 ‹
2182 3483 2246 3528 da
2283 3484 2360 3528 chi

224 3555 269 3599 16
289 3553 349 3598 ha
381 3554 608 3599 meritate
637 3564 687 3595 >z
716 3555 767 3598 in
796 3554 907 3598 altri
938 3553 1078 3599 codd.
1107 3568 1134 3599 6
1161 3554 1290 3600 116116
1320 3555 1515 3599 antiche
1544 3554 1754 3600 edizioni
1783 3556 1824 3600 si
1853 3554 1997 3607 16336
2028 3555 2130 3599 ahl
2159 3556 2361 3609 dianas.

328 3625 394 3668 10.
422 3624 594 3678 quid,
622 3637 646 3668 ‹
673 3624 855 3678 porche
884 3635 925 3678 >,
957 3625 1031 3670 eoi
1076 3624 1216 3669 codd.
1255 3625 1497 3679 migliori‚
1539 3625 1709 3670 invece
1750 3625 1798 3669 di
1837 3626 1974 3679 quod
2003 3625 2092 3670 che
2131 3625 2173 3670 si
2213 3625 2360 3678 16336

223 3693 429 3740 altrove.

326 3765 524 3879 πᾶξαι·
565 3766 733 3819 risit,
770 3765 1064 3820 eoll'Haupt,
1090 3779 1182 3820 per
1212 3779 1312 3821 que
1339 3768 1479 3812 viros
1509 3771 1570 3821 et,
1598 3766 1688 3811 6116
1719 3766 1760 3812 si
1792 3767 1936 3820 16336
1968 3780 1996 3811 a
2014 3771 2188 3821 questo
2210 3770 2363 3819 punto

217 3848 299 3881 1161
328 3847 386 3880 66
457 3867 468 3878 .

326 3907 389 3950 13.
418 3906 602 3957 vilia,
631 3917 655 3949 ‹
685 3905 840 3950 anche
869 3905 885 3949 i
913 3905 1001 3960 piu
1032 3906 1266 3951 meschIni
1298 3907 1358 3952 ed
1389 3921 1418 3952 a
1448 3907 1517 3952 lui
1548 3907 1706 3951 inutili
1738 3917 1776 3951 >.

324 3979 387 4020 15.
417 3976 764 4030 ambianis,
794 3988 818 4019 ‹
846 3976 1020 4021 incerti
1049 3987 1088 4030 ›‚
1117 3976 1207 4021 che
1238 3977 1532 4030 ingannano.

328 4150 376 4191 13
486 4147 635 4193 Ovsm
664 4148 902 4202 ΝΑεοκιε,
938 4147 1195 4194 Tristium
1226 4149 1487 4202 (Cocchia).
