2840 4464
52 6 243 55 ΓὛἻὛ

172 26 187 37 t

252 4 481 17 ,ἺῚ-,ῌηηηω-
502 4 519 11 ,,

1129 271 1313 313 menn
1350 271 1433 325 1v,
1471 257 1519 312 4.
2291 256 2394 310 149

320 414 323 421 ·
416 382 532 448 Aut
575 381 761 447 timor
804 391 910 447 aut
952 401 1129 447 error
1172 380 1367 459 nobis,
1413 381 1586 467 prius
1629 380 1824 447 obfuit
1859 370 2049 447 error.

501 483 617 548 Ah!
670 482 802 549 sine
846 503 948 549 me
992 483 1095 548 sati
1142 503 1266 548 non
1312 482 1667 549 meminisse
1711 483 1860 549 mei!
2306 484 2393 550 40

420 605 575 651 neve
620 585 1002 663 retractando
1047 585 1324 652 nondum
1367 585 1645 651 coeuntia
1689 604 1907 670 rumpe

502 689 793 754 vulnera:
840 687 942 753 vix
989 687 1112 752 illis
1156 687 1432 773 proderit
1475 688 1606 772 ipsa
1650 687 1840 772 quies

419 788 572 877 Ergo
615 799 682 855 ut
726 788 860 855 iure
905 789 1123 856 damus
1165 809 1414 875 poenas,
1461 789 1544 854 sic
1588 788 1740 855 afuit
1783 809 1965 854 omne

504 901 743 977 peccato
788 891 1021 957 facinus
1064 891 1510 977 consiliumque
1552 910 1709 956 meo.
1761 946 1770 953 ,

421 991 606 1078 quue
651 992 799 1059 deus
842 993 1057 1059 sentit:
1105 1013 1218 1078 pro
1262 1013 1382 1078 quo
1427 1013 1540 1059 nec
1581 995 1791 1060 lumen
1838 980 2228 1080 ademptum,
2307 993 2394 1058 45

508 1115 619 1163 nec
661 1095 815 1160 mihi
862 1095 1160 1161 detractas
1201 1094 1476 1181 possi'det
1512 1097 1665 1161 alter
1709 1115 1870 1180 opeS.

427 1196 701 1262 Forsitan
749 1197 908 1263 hanc
951 1198 1165 1283 ipsam,
1204 1197 1411 1262 vivam
1455 1197 1657 1274 mod0‚
1704 1197 1878 1263 finiet
1921 1198 2088 1276 olim,

508 1309 785 1386 tempore
828 1320 966 1365 cum
1012 1299 1194 1365 fuerit
1238 1300 1437 1365 lenior
1483 1300 1597 1379 ira,
1642 1299 1866 1387 fugam.

423 1398 593 1467 Nunc
635 1420 852 1487 precor
896 1401 1040 1467 hinc
1082 1402 1203 1466 alio
1240 1401 1446 1467 iubeat
1488 1400 1816 1479 discedere,
1863 1401 1911 1466 si
1961 1421 2084 1467 non
2155 1402 2160 1407 ’

512 1513 717 1569 nostra
760 1503 1105 1570 verecundo
1149 1514 1290 1569 vota
1332 1503 1569 1590 pudore
1612 1513 1837 1570 carent.
2311 1507 2394 1570 50

427 1603 628 1672 Mitius
674 1606 961 1672 exsilium
1006 1607 1311 1691 pauloque
1354 1606 1763 1692 propinquius
1807 1600 1986 1692 opt0,'

511 1711 740 1797 quique
783 1712 858 1776 sit
907 1733 942 1776 a
987 1732 1167 1778 saevo
1213 1712 1451 1798 longius
1499 1711 1689 1790 hoste,
1736 1714 1953 1778 locum.

427 1811 787 1900 Quantaque
832 1814 897 1878 in
942 1814 1204 1900 Augusto
1245 1814 1589 1891 clementia,
1636 1814 1686 1878 si
1733 1814 1869 1899 quis
1917 1814 1996 1879 ab
2040 1814 2145 1879 illo

518 1915 630 1981 hoc
671 1925 908 2002 peteret
951 1936 1064 2001 pro
1109 1936 1226 1994 me,
1275 1915 1527 1982 forsitan
1574 1916 1679 1982 ille
1723 1916 1913 1982 daret.

432 2016 674 2104 Frigida
718 2038 819 2083 me
861 2017 1156 2083 coh‘l'bent
1198 2018 1415 2084 Euxini
1464 2018 1641 2084 litora
1687 2018 1887 2083 Ponti:
2320 2020 2400 2084 55

517 2119 710 2186 dictus
755 2121 831 2185 ab
876 2120 1143 2205 antiquis
1187 2120 1429 2187 Axenus
1474 2120 1579 2187 ille
1625 2120 1755 2187 fuit.

429 2221 581 2288 Nam
626 2243 828 2309 neque
871 2223 1172 2290 iactantur
1213 2223 1544 2290 moderatis
1589 2245 1852 2310 aequora
1895 2223 2114 2302 ventis,

514 2344 626 2391 nec
668 2325 937 2411 placidos
978 2335 1193 2411 portus
1239 2325 1480 2411 hospita
1525 2326 1699 2391 navis
1734 2326 1879 2391 adit.

364 2644 433 2687 39.
462 2646 574 2688 aut
615 2645 809 2688 timor
850 2645 963 2688 aut
1005 2654 1210 2695 error,
1250 2656 1274 2687 ‹
1302 2642 1353 2687 la
1380 2641 1480 2687 mia
1509 2655 1538 2687 o
1567 2641 1619 2687 fu
1647 2646 1780 2687 tema
1808 2656 1837 2688 o
1866 2641 2186 2697 imprudenza
2216 2653 2255 2695 ›,
2284 2642 2317 2685 il
2342 2642 2406 2686 ti·

256 2726 394 2759 more
424 2711 531 2758 eioe
560 2711 650 2757 che
679 2713 819 2767 ebbe,
847 2727 878 2757 a
906 2712 1189 2757 confessam
1219 2712 1308 2757 che
1339 2712 1440 2765 egli
1465 2725 1565 2757 non
1594 2725 1749 2758 aveva
1779 2715 1996 2757 corrotta
2024 2712 2073 2757 la
2093 2711 2280 2756 societ&
2307 2711 2405 2756 Ro-

256 2796 421 2839 mana,
448 2796 528 2828 ma
553 2786 931 2836 rappresentato
961 2782 1174 2828 soltanto
1202 2782 1220 2827 i
1249 2781 1409 2828 difetti
1440 2783 1489 2828 di
1519 2796 1645 2828 essa.

366 2855 434 2898 41.
461 2853 904 2902 retractando,
949 2866 973 2897 ‹
1016 2852 1255 2898 movendo
1298 2863 1337 2897 ›.
1378 2876 1432 2886 -
1474 2854 1796 2906 coeuntia,
1843 2866 1867 2897 ‹
1910 2852 2231 2905 rimarginate
2275 2862 2315 2896 ›.
2352 2875 2403 2882 —

255 2936 410 2968 neve
444 2936 689 2979 rumpe,
716 2937 740 2968 ‹
769 2936 867 2968 non
893 2921 1153 2976 inasprire,
1179 2936 1275 2968 non
1302 2923 1514 2977 riaprire
1545 2934 1583 2968 >.

367 2995 434 3038 42.
461 2993 587 3048 vix,
614 3007 638 3038 ‹
669 2992 695 3038 ὁ
725 2992 808 3046 gi&
835 2996 1015 3048 troppo
1045 3005 1140 3038 se...
1168 3003 1207 3038 >.

367 3065 436 3108 44.
464 3064 832 3117 consilium,
860 3076 883 3107 <
913 3063 1100 3107 cattiva
1128 3062 1404 3108 intenzione
1436 3076 1464 3108 o
1494 3063 1698 3115 disegno
1729 3072 1768 3107 ›.

366 3136 436 3178 45.
467 3135 650 3184 deus,
690 3134 932 3187 Augusto.
971 3156 1025 3164 —
1070 3134 1158 3188 id,
1204 3133 1307 3179 scil.
1344 3146 1428 3178 me
1465 3133 1628 3188 culpa
1664 3145 1857 3178 carere.
1892 3155 1943 3163 —
1996 3132 2411 3192 lumempssia

257 3205 441 3252 vitam.

369 3276 437 3320 46.
466 3276 649 3321 detra
661 3278 821 3329 ctas,
848 3273 953 3319 cioe
985 3275 1276 3329 ademptas,
1306 3287 1443 3319 come
1473 3274 1515 3319 si
1543 3274 1718 3319 faceva
1745 3286 1837 3328 per
1865 3273 1935 3327 gli
1964 3273 2104 3328 esuli,
2138 3273 2153 3317 i
2183 3274 2263 3318 cui
2291 3273 2407 3319 beni

260 3357 415 3390 erano
443 3345 709 3390 confiscati.

369 3418 437 3461 47.
463 3416 684 3470 vivam,
719 3415 796 3460 eol
824 3415 1051 3470 Bentley,
1076 3428 1170 3468 per
1195 3416 1335 3460 vivat
1364 3428 1393 3460 o
1422 3415 1603 3460 vivant
1632 3414 1721 3460 che
1752 3414 1792 3460 si
1821 3414 1968 3468 legge
1998 3414 2077 3459 nei
2107 3413 2248 3459 codd.

369 3487 436 3531 48.
459 3486 710 3541 fuqam,
746 3499 770 3530 ‹
800 3486 940 3530 esilio
970 3496 1009 3541 ›,
1037 3485 1283 3531 concorda
1311 3499 1403 3530 con
1431 3486 1582 3529 hanc.

370 3559 437 3602 50.
462 3556 816 3601 verecundo
849 3556 1121 3611 pudore,
1149 3569 1173 3600 ‹
1204 3555 1254 3601 di
1282 3555 1538 3601 moderata
1567 3555 1855 3609 ambizione‚
1885 3554 2194 3608 aspirazione
2223 3564 2261 3597 >.

369 3629 436 3671 52.
466 3626 485 3670 Ζ
496 3639 684 3681 ocum,
712 3627 787 3671 col
825 3626 1002 3680 Guelf„
1029 3638 1120 3680 per
1150 3627 1292 3671 locus
1321 3618 1401 3670 'del
1431 3626 1484 3669 L.

370 3699 437 3742 53.
464 3700 731 3752 quanta,
761 3696 865 3741 scil.
893 3700 984 3751 est,
1010 3709 1101 3751 per
1121 3700 1276 3740 tanta
1295 3695 1384 3741 che
1405 3696 1450 3740 si
1469 3696 1614 3748 legge
1635 3695 1824 3740 alti-ove
1844 3708 1853 3735 :
1876 3708 1900 3739 ‹
1921 3694 2039 3738 data
2058 3694 2106 3738 la
2128 3691 2355 3746 grande...
2372 3701 2412 3735 >.
2487 3691 2493 3696 ”

370 3769 436 3811 56.
463 3767 747 3821 Axenus,
793 3780 817 3811 ‹
864 3765 1174 3820 l‘inospitale
1222 3777 1269 3820 >,
1323 3769 1511 3810 mentre
1558 3764 1802 3810 Euxinus
1847 3765 1963 3809 vuol
2011 3762 2116 3807 dire
2163 3776 2186 3807 <
2229 3762 2262 3806 il
2310 3761 2408 3806 ben

265 3836 479 3889 ospitale
508 3847 547 3881 ›.

373 3910 441 3952 57.
473 3920 778 3962 aequora,
808 3905 914 3952 eioe
944 3906 978 3950 il
1007 3920 1113 3951 mar
1140 3906 1286 3951 Nero.

373 3979 440 4022 58.
469 3978 622 4031 adit,
650 3977 726 4023 eol
757 3977 813 4022 G.
843 3991 869 4022 e
900 3977 969 4032 V.,
995 3990 1089 4031 per
1117 3977 1235 4021 adis
1266 3975 1346 4020 del
1375 3976 1429 4020 L.
1457 3988 1484 4019 e
1512 3976 1668 4020 habet
1697 3974 1829 4026 degli
1859 3973 1972 4018 altri
2002 3972 2143 4017 codd.
