2840 4464
372 185 441 241 88
674 214 681 223 ·
1295 204 1592 247 ‘rals'rmM

548 302 773 375 Littera
803 307 1060 376 suffusas
1105 308 1268 395 quod
1303 299 1502 376 'habet
1544 309 1852 376 maculosa
1894 309 2128 388 lituraS,
2444 314 2519 379 15

629 412 806 478 laesit
849 432 1000 499 opus
1045 413 1314 478 lacrimis
1345 412 1475 499 ipse
1518 421 1698 499 poeta
1740 432 1939 479 suum.

540 514 727 601 Siqua
770 513 1147 581 videbuntur
1189 535 1333 582 casu
1378 535 1503 581 non
1549 514 1707 581 dicta
1750 515 1981 594 Latine,

629 618 693 682 in
739 636 857 703 qua
903 617 1224 697 scribebat,
1272 617 1534 683 barbara
1577 628 1741 684 terra
1786 617 1917 685 suit.

541 719 754 797 Dicite,
802 722 1076 798 lectoreS,
1122 721 1169 786 si
1220 742 1344 788 non
1388 742 1595 809 grave,
1640 735 1759 807 qua
1804 721 1881 786 sit
1923 721 2215 801 eundum,

632 844 903 910 quasque
945 834 1153 911 petam
1197 824 1369 891 sedes
1416 824 1638 911 hospes
1681 825 1746 890 in
1791 824 1945 891 urbe
1987 825 2147 891 liber
2189 854 2248 890 ι.
2431 829 2516 893 20

542 927 697 992 Haec
740 926 846 993 ubi
878 947 1013 993 sum
1059 926 1272 993 furtim
1320 928 1527 1014 lingua
1571 926 1871 994 titubante
1915 929 2167 1006 locutuS,

627 1030 732 1115 qui
778 1030 934 1095 mihi
980 1040 1368 1108 monstraret,
1401 1031 1507 1096 vix
1541 1029 1654 1096 fuit
1696 1051 1876 1108 unuS,
1922 1030 2057 1097 iter.

555 1161 581 1192 α
624 1132 701 1198 Di
745 1133 857 1198 tibi
902 1132 1070 1212 dent,
1118 1143 1325 1199 nostro
1371 1133 1534 1220 quod
1579 1154 1702 1199 non
1752 1134 2022 1201 tribuere
2065 1143 2299 1221 poetae,

622 1235 895 1302 molliter
936 1236 1003 1301 in
1047 1236 1246 1322 patria
1293 1236 1506 1303 vivere
1547 1256 1727 1323 posse
1770 1246 1893 1302 tua.

537 1337 668 1404 Duc
710 1342 851 1426 agel
893 1359 1161 1425 namque
1204 1360 1445 1424 sequar,
1478 1339 1757 1426 quamvis
1787 1349 2074 1426 terraque
2115 1339 2397 1427 marique
2428 1342 2510 1407 25

621 1441 954 1527 longinquo
1000 1441 1262 1508 referam
1308 1444 1501 1509 lassus
1544 1441 1621 1507 ab
1665 1442 1813 1508 orbe
1858 1442 2076 1529 pedem
2121 1471 2180 1509 ι.

536 1543 761 1622 Paruit,
807 1554 868 1610 et
912 1543 1169 1611 ducens:
1230 1573 1256 1604 α
1302 1545 1459 1611 Haec
1499 1554 1643 1612 sunt
1687 1544 1815 1610 sora
1861 1544 2150 1626 Caesaris,
2183 1576 2209 1605 ι
2250 1546 2451 1634 inquit

631 1674 657 1705 α
705 1647 853 1713 haec
895 1657 983 1713 est
1027 1669 1063 1713 a
1106 1647 1288 1714 sacris
1331 1668 1488 1733 quae
1533 1648 1635 1714 via
1677 1650 1904 1713 nemen
1953 1647 2155 1733 habet,

536 1749 635 1816 hic
678 1751 843 1817 locus
887 1761 977 1816 est
1019 1750 1255 1830 Vestae,
1302 1752 1406 1839 qui
1454 1750 1699 1816 Pallada
1744 1761 1949 1816 servat
1991 1761 2052 1816 et
2095 1751 2319 1838 ignem,

623 1852 721 1919 hic
764 1853 877 1920 fuit
920 1852 1156 1939 antiqui
1203 1855 1363 1941 regia
1409 1874 1601 1940 parva
1644 1852 1876 1920 Numae
1919 1882 1978 1920 ι.
2420 1854 2504 1922 30

533 1960 681 2026 Inde
723 1970 938 2046 petens
981 1960 1285 2027 dextram:
1333 1989 1359 2018 α
1403 1960 1583 2027 Porta
1625 1971 1719 2027 est
1761 1992 1787 2021 ι
1831 1962 1915 2028 ait
1958 1989 1984 2018 α
2029 1961 2141 2027 ista
2186 1961 2395 2040 Palati,

620 2063 718 2149 hic
763 2064 982 2142 Stator,
1031 2064 1145 2130 hoc
1186 2064 1460 2150 primum
1504 2064 1746 2130 condita
1789 2064 1976 2131 Roma
2022 2066 2151 2130 loco
2194 2074 2284 2131 est
2327 2094 2385 2130 n.

473 2294 536 2336 15.
564 2293 915 2348 maculosa,
942 2306 966 2337 ‹
995 2292 1273 2339 macchiata
1301 2291 1619 2340 d'inchiostro
1649 2304 1688 2337 ›.

470 2365 534 2407 18.
565 2364 593 2407 b
610 2364 888 2417 arbara,
916 2376 942 2408 e
973 2362 1146 2418 quindi
1175 2367 1406 2409 estranea
1435 2362 1609 2409 all'uso
1639 2363 1772 2408 della
1800 2363 1972 2417 lingua
1997 2363 2166 2409 latina„

466 2437 535 2479 20.
563 2436 759 2488 sedes,
790 2447 814 2478 ‹
843 2433 1142 2480 biblioteche
1171 2445 1211 2489 ›,
1239 2434 1288 2479 in
1316 2434 1396 2479 cui
1426 2447 1576 2489 possa
1604 2447 1769 2480 essere
1798 2433 1992 2480 accolto
2020 2448 2049 2481 0
2077 2438 2246 2481 trovar
2271 2438 2431 2491 posto.

467 2508 534 2551 21.
565 2506 907 2561 titubante,
938 2518 963 2549 <
992 2505 1197 2556 incerta,
1227 2505 1509 2561 trepidante
1539 2516 1577 2551 >.

464 2579 532 2623 23.
555 2590 594 2633 p
612 2580 705 2623 oet
722 2591 791 2623 ae
831 2589 923 2631 per
955 2578 1184 2633 parenti,
1212 2576 1320 2622 dice
1349 2576 1387 2621 il
1412 2577 1556 2632 libro,
1584 2575 1900 2623 accennando
1920 2576 1969 2622 al
1990 2590 2077 2624 suo
2106 2581 2293 2634 autore,
2319 2592 2411 2634 per
2436 2578 2503 2624 ri-

357 2648 561 2702 volgere
590 2647 848 2703 l'augurio,
874 2662 966 2703 per
992 2648 1063 2693 lui
1091 2647 1180 2702 piu
1208 2647 1420 2702 gradito,
1453 2662 1483 2693 a
1511 2647 1591 2692 chi
1618 2648 1690 2702 gli
1718 2647 1772 2693 fa
1799 2648 1864 2693 da
1890 2648 2056 2702 guida.

466 2720 533 2764 24.
560 2719 869 2774 molliter,
899 2732 924 2763 <
953 2718 1405 2774 tranquillamente,
1431 2719 1763 2774 beatamente,
1790 2718 2097 2765 dolcemente
2125 2730 2166 2765 ›.

466 2792 534 2835 26.
562 2791 707 2836 orbe
754 2790 1126 2845 lonqinquo,
1166 2788 1273 2834 cioe
1316 2789 1452 2834 dalla
1494 2788 1669 2845 Scizia,
1714 2789 1839 2835 dove
1871 2790 1909 2835 il
1948 2794 2101 2844 poeta
2143 2804 2230 2836 era
2271 2791 2505 2848 arrivato‚

358 2860 519 2916 prima
548 2861 598 2906 di
627 2861 901 2915 accingersi
926 2876 957 2908 a
985 2874 1242 2915 comporre
1267 2865 1444 2915 questo
1473 2864 1607 2906 terzo
1636 2860 1778 2906 libro.

465 2935 533 2978 27.
557 2933 709 2987 fora
756 2946 848 2987 per
884 2935 1102 2988 sorum,·
1141 2931 1410 2985 Caesari-s,
1448 2930 1553 2977 cioe
1583 2931 1633 2977 di
1663 2931 1828 2977 Giulio
1871 2931 2069 2983 Cesare.
2111 2938 2430 2988 quantunque
2468 2948 2498 2979 a

358 3004 515 3049 Roma
543 3016 600 3049 ce
628 3016 689 3049 ne
719 3004 851 3049 fosse
880 3003 1035 3049 anche
1064 3017 1131 3049 un
1159 3003 1285 3048 altro
1321 3001 1448 3047 fatto
1479 3001 1542 3047 da
1569 3003 1809 3056 Augusto.
1845 3002 1949 3048 Ριιὸ
1993 3004 2126 3049 darsi
2165 3004 2288 3059 perc
2329 3004 2420 3050 che
2461 3005 2499 3049 il

358 3079 508 3130 poeta
543 3075 748 3121 accenni
784 3075 849 3120 ad
891 3074 1135 3121 entramb'i
1168 3088 1196 3120 e
1225 3072 1314 3119 che
1345 3074 1386 3119 si
1416 3073 1492 3119 sia
1520 3073 1702 3119 servito
1733 3073 1783 3118 di
1816 3073 2062 3120 Caesaris
2090 3088 2226 3122 come
2258 3076 2500 3130 d’espres-

359 3148 497 3192 sione
524 3146 772 3200 generica.

460 3219 528 3263 28.
555 3218 798 3263 saeris:
825 3217 875 3262 la
902 3218 990 3262 via
1015 3229 1191 3270 saera,
1215 3216 1266 3261 la
1292 3216 1382 3271 piu
1408 3215 1544 3261 bella
1573 3215 1620 3261 di
1650 3216 1809 3262 Roma
1849 3216 2031 3272 antica,
2059 3230 2266 3263 moveva
2294 3217 2496 3264 dall'an-

355 3288 551 3335 fiteatro
577 3302 752 3343 presso
782 3289 815 3334 il
843 3288 1031 3343 tempio
1060 3288 1192 3333 della
1210 3288 1355 3344 Pace,
1383 3301 1409 3333 e
1438 3301 1530 3341 per
1556 3287 1592 3332 il
1622 3284 1728 3356 fflro
1749 3287 1799 3332 di
1819 3287 1999 3333 Cesare
2020 3302 2048 3333 e
2068 3290 2233 3343 quello
2262 3289 2498 3344 Romano,

355 3359 477 3406 dove
507 3372 593 3405 era
620 3358 658 3404 il
686 3359 871 3414 tempio
903 3358 953 3404 di
980 3359 1135 3405 Vesta
1164 3371 1190 3405 e
1220 3357 1270 3403 la
1297 3357 1471 3412 reggia
1501 3357 1551 3403 di
1579 3357 1754 3412 Numa,
1782 3357 2067 3404 conduceva
2096 3359 2145 3404 al
2173 3358 2418 3410 Palatino,
2448 3360 2496 3405 ai

355 3431 438 3477 cui
463 3430 602 3487 piedi
629 3430 672 3476 si
698 3434 906 3476 trovava
933 3430 969 3474 il
998 3429 1184 3484 tempio
1214 3429 1264 3474 di
1293 3429 1450 3474 Giove
1480 3429 1687 3475 Statore.

459 3504 527 3548 29.
553 3501 875 3548 Pallada:
898 3500 981 3546 nel
1009 3499 1194 3555 tempio
1224 3500 1273 3545 di
1302 3500 1458 3545 Vesta
1492 3499 1534 3544 si
1554 3512 1858 3545 conservava
1885 3499 1921 3544 il
1950 3499 2176 3546 Palladio
2205 3500 2267 3545 ed
2296 3500 2332 3545 il
2352 3500 2495 3547 succo

353 3587 511 3629 sacro,
537 3576 708 3619 tenuto
736 3574 1147 3627 perpetuamente
1177 3583 1351 3617 acceso
1383 3570 1516 3615 dalle
1545 3570 1752 3616 Vestali.

456 3647 525 3690 30.
551 3644 652 3690 hic
680 3643 757 3688 col
788 3642 964 3698 Guelf.,
991 3657 1083 3697 per
1110 3644 1237 3688 haec
1265 3641 1355 3686 che
1384 3641 1427 3686 si
1456 3642 1602 3695 legge
1646 3642 1863 3687 altrovez
1903 3641 2203 3696 preferiamo
2243 3643 2295 3687 la
2332 3642 2494 3698 prima

350 3714 558 3769 lezione,
595 3713 779 3770 porche
820 3713 870 3759 la
910 3713 1086 3767 reggia'
1127 3712 1177 3758 di
1220 3712 1394 3767 Numa,
1437 3711 1485 3756 di
1528 3711 1608 3757 cui
1650 3724 1736 3757 era
1762 3715 1906 3765 parte
1934 3712 2095 3759 l'atrio
2125 3712 2175 3758 di
2204 3713 2369 3767 Vesta,
2397 3726 2494 3758 non

355 3784 572 3831 esisteva
597 3784 687 3839 piu
716 3798 745 3829 a
773 3787 938 3839 tempo
970 3783 1205 3829 d’ovidio.

458 3856 525 3898 31.
554 3854 805 3910 Palati,
837 3854 1035 3899 dov’era
1061 3855 1112 3898 la
1139 3853 1314 3908 reggia
1341 3853 1391 3898 di
1418 3854 1658 3907 Augusto.

459 3924 527 3966 32.
552 3922 807 3969 Stator:
832 3924 869 3969 il
898 3924 1082 3979 tempio
1112 3924 1162 3970 di
1191 3924 1347 3970 Giove
1376 3923 1587 3980 Statore,
1624 3936 1881 3980 promesso
1912 3936 1938 3970 e
1967 3928 2136 3971 votato
2180 3924 2244 3975 da
2282 3924 2488 3972 Romolo
