<?xml version="1.0" encoding="UTF-8"?>
<!DOCTYPE html PUBLIC "-//W3C//DTD XHTML 1.0 Transitional//EN"
    "http://www.w3.org/TR/xhtml1/DTD/xhtml1-transitional.dtd">
<html xmlns="http://www.w3.org/1999/xhtml" xml:lang="en" lang="en">
 <head>
  <title>
</title>
<meta http-equiv="Content-Type" content="text/html;charset=utf-8" />
  <meta name='ocr-system' content='tesseract 3.04.00' />
  <meta name='ocr-capabilities' content='ocr_page ocr_carea ocr_par ocr_line ocrx_word'/>
</head>
<body>
  <div class='ocr_page' id='page_1' title='image "./povidinasonistr00enrigoog_0167.png"; bbox 0 0 2840 4464; ppageno 0'>
   <div class='ocr_carea' id='block_1_1' title="bbox 18 0 421 317">
    <p class='ocr_par' dir='ltr' id='par_1_1' title="bbox 18 0 421 317">
     <span class='ocr_line' id='line_1_1' title="bbox 18 0 421 317; baseline 0 4147"><span class='ocrx_word' id='word_1_1' title='bbox 18 0 421 317; x_wconf 95' lang='lat' dir='ltr'><strong> </strong></span> 
     </span>
    </p>
   </div>
   <div class='ocr_carea' id='block_1_2' title="bbox 1167 238 2431 307">
    <p class='ocr_par' dir='ltr' id='par_1_2' title="bbox 1167 238 2431 307">
     <span class='ocr_line' id='line_1_2' title="bbox 1167 238 2431 307; baseline 0 -15"><span class='ocrx_word' id='word_1_2' title='bbox 1167 251 1354 292; x_wconf 67' lang='lat' dir='ltr'>LIBER</span> <span class='ocrx_word' id='word_1_3' title='bbox 1390 251 1474 307; x_wconf 80' lang='lat' dir='ltr'><strong>lv,</strong></span> <span class='ocrx_word' id='word_1_4' title='bbox 1509 238 1559 292; x_wconf 91' lang='lat'><strong>8.</strong></span> <span class='ocrx_word' id='word_1_5' title='bbox 2331 238 2431 292; x_wconf 81' lang='lat'><strong>159</strong></span> 
     </span>
    </p>
   </div>
   <div class='ocr_carea' id='block_1_3' title="bbox 452 358 2438 2600">
    <p class='ocr_par' dir='ltr' id='par_1_3' title="bbox 452 358 2438 2600">
     <span class='ocr_line' id='line_1_3' title="bbox 452 358 2431 445; baseline 0.001 -21"><span class='ocrx_word' id='word_1_6' title='bbox 452 359 721 445; x_wconf 84' lang='lat' dir='ltr'><strong>Tempus</strong></span> <span class='ocrx_word' id='word_1_7' title='bbox 763 369 898 424; x_wconf 91' lang='lat' dir='ltr'><strong>erat</strong></span> <span class='ocrx_word' id='word_1_8' title='bbox 940 378 1053 445; x_wconf 77' lang='lat' dir='ltr'><strong>neo</strong></span> <span class='ocrx_word' id='word_1_9' title='bbox 1094 377 1195 424; x_wconf 88' lang='lat' dir='ltr'><strong>me</strong></span> <span class='ocrx_word' id='word_1_10' title='bbox 1237 358 1631 445; x_wconf 86' lang='lat' dir='ltr'><strong>peregrinum</strong></span> <span class='ocrx_word' id='word_1_11' title='bbox 1678 358 1898 425; x_wconf 78' lang='lat' dir='ltr'><strong>ducere</strong></span> <span class='ocrx_word' id='word_1_12' title='bbox 1940 361 2195 436; x_wconf 84' lang='lat' dir='ltr'><strong>caelum,</strong></span> <span class='ocrx_word' id='word_1_13' title='bbox 2349 360 2431 425; x_wconf 73' lang='lat'><strong>25</strong></span> 
     </span>
     <span class='ocr_line' id='line_1_4' title="bbox 544 460 1861 538; baseline -0.002 -11"><span class='ocrx_word' id='word_1_14' title='bbox 544 482 655 528; x_wconf 83' lang='lat' dir='ltr'><strong>neo</strong></span> <span class='ocrx_word' id='word_1_15' title='bbox 697 461 914 527; x_wconf 76' lang='lat' dir='ltr'><strong>siccam</strong></span> <span class='ocrx_word' id='word_1_16' title='bbox 958 460 1162 527; x_wconf 87' lang='lat' dir='ltr'><strong>Getieo</strong></span> <span class='ocrx_word' id='word_1_17' title='bbox 1206 460 1373 526; x_wconf 88' lang='lat' dir='ltr'><strong>fonte</strong></span> <span class='ocrx_word' id='word_1_18' title='bbox 1417 462 1625 526; x_wconf 86' lang='lat' dir='ltr'><strong>levare</strong></span> <span class='ocrx_word' id='word_1_19' title='bbox 1668 461 1861 538; x_wconf 83' lang='lat' dir='ltr'><strong>sitim3</strong></span> 
     </span>
     <span class='ocr_line' id='line_1_5' title="bbox 454 563 2231 648; baseline -0.002 -18"><span class='ocrx_word' id='word_1_20' title='bbox 454 564 564 630; x_wconf 83' lang='lat' dir='ltr'><strong>sed</strong></span> <span class='ocrx_word' id='word_1_21' title='bbox 608 564 809 640; x_wconf 87' lang='lat' dir='ltr'><strong>modo,</strong></span> <span class='ocrx_word' id='word_1_22' title='bbox 855 583 1006 648; x_wconf 91' lang='lat' dir='ltr'><strong>quos</strong></span> <span class='ocrx_word' id='word_1_23' title='bbox 1053 563 1260 641; x_wconf 88' lang='lat' dir='ltr'><strong>habui,</strong></span> <span class='ocrx_word' id='word_1_24' title='bbox 1307 583 1528 629; x_wconf 82' lang='lat' dir='ltr'><strong>vacuos</strong></span> <span class='ocrx_word' id='word_1_25' title='bbox 1570 563 1850 630; x_wconf 82' lang='lat' dir='ltr'><strong>secedere</strong></span> <span class='ocrx_word' id='word_1_26' title='bbox 1893 564 1957 627; x_wconf 92' lang='lat' dir='ltr'><strong>in</strong></span> <span class='ocrx_word' id='word_1_27' title='bbox 2006 563 2231 641; x_wconf 79' lang='lat' dir='ltr'><strong>hortOS,</strong></span> 
     </span>
     <span class='ocr_line' id='line_1_6' title="bbox 542 666 2006 734; baseline -0.001 0"><span class='ocrx_word' id='word_1_28' title='bbox 542 686 706 734; x_wconf 83' lang='lat' dir='ltr'><strong>nunc</strong></span> <span class='ocrx_word' id='word_1_29' title='bbox 753 666 1076 732; x_wconf 87' lang='lat' dir='ltr'><strong>hominum</strong></span> <span class='ocrx_word' id='word_1_30' title='bbox 1121 667 1257 732; x_wconf 86' lang='lat' dir='ltr'><strong>visu</strong></span> <span class='ocrx_word' id='word_1_31' title='bbox 1303 687 1515 733; x_wconf 87' lang='lat' dir='ltr'><strong>rursus</strong></span> <span class='ocrx_word' id='word_1_32' title='bbox 1557 676 1619 732; x_wconf 88' lang='lat' dir='ltr'><strong>et</strong></span> <span class='ocrx_word' id='word_1_33' title='bbox 1660 666 1814 732; x_wconf 90' lang='lat' dir='ltr'><strong>urbe</strong></span> <span class='ocrx_word' id='word_1_34' title='bbox 1859 666 2006 732; x_wconf 49' lang='lat' dir='ltr'><strong>frui.»</strong></span> 
     </span>
     <span class='ocr_line' id='line_1_7' title="bbox 457 768 1981 855; baseline -0.001 -20"><span class='ocrx_word' id='word_1_35' title='bbox 457 770 557 836; x_wconf 83' lang='lat' dir='ltr'><strong>Sic</strong></span> <span class='ocrx_word' id='word_1_36' title='bbox 602 770 807 835; x_wconf 92' lang='lat' dir='ltr'><strong>animo</strong></span> <span class='ocrx_word' id='word_1_37' title='bbox 850 768 1181 855; x_wconf 89' lang='lat' dir='ltr'><strong>quondam,</strong></span> <span class='ocrx_word' id='word_1_38' title='bbox 1228 789 1351 834; x_wconf 90' lang='lat' dir='ltr'><strong>non</strong></span> <span class='ocrx_word' id='word_1_39' title='bbox 1398 768 1714 849; x_wconf 77' lang='lat' dir='ltr'><strong>divinante</strong></span> <span class='ocrx_word' id='word_1_40' title='bbox 1760 770 1981 846; x_wconf 86' lang='lat' dir='ltr'><strong>sutura,</strong></span> 
     </span>
     <span class='ocr_line' id='line_1_8' title="bbox 543 870 2431 958; baseline -0.001 -22"><span class='ocrx_word' id='word_1_41' title='bbox 543 872 830 958; x_wconf 87' lang='lat' dir='ltr'><strong>optabam</strong></span> <span class='ocrx_word' id='word_1_42' title='bbox 873 871 1109 957; x_wconf 79' lang='lat' dir='ltr'>placide</span> <span class='ocrx_word' id='word_1_43' title='bbox 1154 871 1364 936; x_wconf 86' lang='lat' dir='ltr'><strong>vivere</strong></span> <span class='ocrx_word' id='word_1_44' title='bbox 1407 891 1584 957; x_wconf 87' lang='lat' dir='ltr'><strong>posse</strong></span> <span class='ocrx_word' id='word_1_45' title='bbox 1628 891 1832 937; x_wconf 84' lang='lat' dir='ltr'><strong>senex.</strong></span> <span class='ocrx_word' id='word_1_46' title='bbox 2348 870 2431 937; x_wconf 86' lang='lat'><strong>30</strong></span> 
     </span>
     <span class='ocr_line' id='line_1_9' title="bbox 460 973 2240 1060; baseline -0.001 -21"><span class='ocrx_word' id='word_1_47' title='bbox 460 974 603 1039; x_wconf 80' lang='lat' dir='ltr'><strong>Fata</strong></span> <span class='ocrx_word' id='word_1_48' title='bbox 649 983 1089 1060; x_wconf 84' lang='lat' dir='ltr'><strong>repugnarunt,</strong></span> <span class='ocrx_word' id='word_1_49' title='bbox 1136 993 1292 1059; x_wconf 91' lang='lat' dir='ltr'><strong>quae</strong></span> <span class='ocrx_word' id='word_1_50' title='bbox 1335 993 1473 1041; x_wconf 85' lang='lat' dir='ltr'><strong>oum</strong></span> <span class='ocrx_word' id='word_1_51' title='bbox 1517 973 1673 1038; x_wconf 89' lang='lat' dir='ltr'><strong>mihi</strong></span> <span class='ocrx_word' id='word_1_52' title='bbox 1719 984 1995 1060; x_wconf 88' lang='lat' dir='ltr'><strong>tempora</strong></span> <span class='ocrx_word' id='word_1_53' title='bbox 2038 974 2240 1059; x_wconf 90' lang='lat' dir='ltr'><strong>prima</strong></span> 
     </span>
     <span class='ocr_line' id='line_1_10' title="bbox 546 1076 1919 1162; baseline 0 -22"><span class='ocrx_word' id='word_1_54' title='bbox 546 1077 756 1141; x_wconf 87' lang='lat' dir='ltr'><strong>mollia</strong></span> <span class='ocrx_word' id='word_1_55' title='bbox 800 1076 1216 1162; x_wconf 89' lang='lat' dir='ltr'><strong>praebuerint,</strong></span> <span class='ocrx_word' id='word_1_56' title='bbox 1263 1076 1598 1161; x_wconf 85' lang='lat' dir='ltr'><strong>posteriora</strong></span> <span class='ocrx_word' id='word_1_57' title='bbox 1643 1086 1919 1161; x_wconf 81' lang='lat' dir='ltr'><strong>gravant.</strong></span> 
     </span>
     <span class='ocr_line' id='line_1_11' title="bbox 460 1178 2103 1265; baseline 0.001 -23"><span class='ocrx_word' id='word_1_58' title='bbox 460 1178 705 1264; x_wconf 89' lang='lat' dir='ltr'><strong>lamque</strong></span> <span class='ocrx_word' id='word_1_59' title='bbox 749 1179 956 1244; x_wconf 82' lang='lat' dir='ltr'><strong>decem</strong></span> <span class='ocrx_word' id='word_1_60' title='bbox 1001 1179 1209 1244; x_wconf 87' lang='lat' dir='ltr'><strong>lustris</strong></span> <span class='ocrx_word' id='word_1_61' title='bbox 1254 1180 1420 1244; x_wconf 88' lang='lat' dir='ltr'><strong>omni</strong></span> <span class='ocrx_word' id='word_1_62' title='bbox 1469 1179 1602 1245; x_wconf 90' lang='lat' dir='ltr'><strong>sine</strong></span> <span class='ocrx_word' id='word_1_63' title='bbox 1646 1179 1783 1244; x_wconf 88' lang='lat' dir='ltr'><strong>labe</strong></span> <span class='ocrx_word' id='word_1_64' title='bbox 1825 1179 2103 1265; x_wconf 80' lang='lat' dir='ltr'><strong>peraotiS,</strong></span> 
     </span>
     <span class='ocr_line' id='line_1_12' title="bbox 547 1280 1807 1366; baseline 0.001 -21"><span class='ocrx_word' id='word_1_65' title='bbox 547 1291 722 1366; x_wconf 88' lang='lat' dir='ltr'><strong>parte</strong></span> <span class='ocrx_word' id='word_1_66' title='bbox 765 1300 1017 1366; x_wconf 87' lang='lat' dir='ltr'><strong>premor</strong></span> <span class='ocrx_word' id='word_1_67' title='bbox 1059 1281 1219 1346; x_wconf 89' lang='lat' dir='ltr'><strong>vitae</strong></span> <span class='ocrx_word' id='word_1_68' title='bbox 1262 1280 1566 1346; x_wconf 79' lang='lat' dir='ltr'><strong>deteriore</strong></span> <span class='ocrx_word' id='word_1_69' title='bbox 1609 1301 1807 1347; x_wconf 90' lang='lat' dir='ltr'><strong>meae:</strong></span> 
     </span>
     <span class='ocr_line' id='line_1_13' title="bbox 461 1382 2432 1469; baseline 0.001 -21"><span class='ocrx_word' id='word_1_70' title='bbox 461 1403 573 1448; x_wconf 83' lang='lat' dir='ltr'><strong>neo</strong></span> <span class='ocrx_word' id='word_1_71' title='bbox 614 1385 823 1468; x_wconf 84' lang='lat' dir='ltr'><strong>procul</strong></span> <span class='ocrx_word' id='word_1_72' title='bbox 872 1404 905 1448; x_wconf 89' lang='lat' dir='ltr'><strong>a</strong></span> <span class='ocrx_word' id='word_1_73' title='bbox 952 1384 1148 1461; x_wconf 81' lang='lat' dir='ltr'><strong>metiS‚</strong></span> <span class='ocrx_word' id='word_1_74' title='bbox 1196 1404 1345 1469; x_wconf 88' lang='lat' dir='ltr'><strong>quas</strong></span> <span class='ocrx_word' id='word_1_75' title='bbox 1388 1403 1585 1469; x_wconf 91' lang='lat' dir='ltr'><strong>paene</strong></span> <span class='ocrx_word' id='word_1_76' title='bbox 1628 1393 1840 1450; x_wconf 90' lang='lat' dir='ltr'><strong>tenere</strong></span> <span class='ocrx_word' id='word_1_77' title='bbox 1885 1383 2158 1460; x_wconf 89' lang='lat' dir='ltr'><strong>videbar,</strong></span> <span class='ocrx_word' id='word_1_78' title='bbox 2350 1382 2432 1449; x_wconf 72' lang='lat'><strong>35</strong></span> 
     </span>
     <span class='ocr_line' id='line_1_14' title="bbox 541 1485 1841 1572; baseline 0 -21"><span class='ocrx_word' id='word_1_79' title='bbox 541 1486 842 1552; x_wconf 79' lang='lat' dir='ltr'><strong>curriculo</strong></span> <span class='ocrx_word' id='word_1_80' title='bbox 885 1485 1087 1572; x_wconf 85' lang='lat' dir='ltr'><strong>gravis</strong></span> <span class='ocrx_word' id='word_1_81' title='bbox 1130 1494 1221 1551; x_wconf 89' lang='lat' dir='ltr'><strong>est</strong></span> <span class='ocrx_word' id='word_1_82' title='bbox 1265 1485 1415 1551; x_wconf 82' lang='lat' dir='ltr'><strong>facta</strong></span> <span class='ocrx_word' id='word_1_83' title='bbox 1463 1486 1641 1552; x_wconf 89' lang='lat' dir='ltr'><strong>ruina</strong></span> <span class='ocrx_word' id='word_1_84' title='bbox 1685 1507 1841 1551; x_wconf 89' lang='lat' dir='ltr'><strong>me0.</strong></span> 
     </span>
     <span class='ocr_line' id='line_1_15' title="bbox 465 1587 1904 1674; baseline 0 -22"><span class='ocrx_word' id='word_1_85' title='bbox 465 1587 618 1674; x_wconf 89' lang='lat' dir='ltr'><strong>Ergo</strong></span> <span class='ocrx_word' id='word_1_86' title='bbox 663 1588 840 1654; x_wconf 90' lang='lat' dir='ltr'><strong>illum</strong></span> <span class='ocrx_word' id='word_1_87' title='bbox 886 1589 1140 1653; x_wconf 87' lang='lat' dir='ltr'><strong>demens</strong></span> <span class='ocrx_word' id='word_1_88' title='bbox 1184 1589 1249 1654; x_wconf 91' lang='lat' dir='ltr'><strong>in</strong></span> <span class='ocrx_word' id='word_1_89' title='bbox 1295 1609 1396 1654; x_wconf 89' lang='lat' dir='ltr'><strong>me</strong></span> <span class='ocrx_word' id='word_1_90' title='bbox 1441 1589 1676 1654; x_wconf 89' lang='lat' dir='ltr'><strong>saevire</strong></span> <span class='ocrx_word' id='word_1_91' title='bbox 1719 1589 1904 1674; x_wconf 70' lang='lat' dir='ltr'><strong>coegi,</strong></span> 
     </span>
     <span class='ocr_line' id='line_1_16' title="bbox 549 1690 1984 1777; baseline 0.001 -22"><span class='ocrx_word' id='word_1_92' title='bbox 549 1690 759 1756; x_wconf 88' lang='lat' dir='ltr'><strong>mitius</strong></span> <span class='ocrx_word' id='word_1_93' title='bbox 805 1690 1141 1757; x_wconf 88' lang='lat' dir='ltr'><strong>immensus</strong></span> <span class='ocrx_word' id='word_1_94' title='bbox 1185 1711 1305 1777; x_wconf 87' lang='lat' dir='ltr'><strong>quo</strong></span> <span class='ocrx_word' id='word_1_95' title='bbox 1351 1690 1510 1755; x_wconf 88' lang='lat' dir='ltr'><strong>nihil</strong></span> <span class='ocrx_word' id='word_1_96' title='bbox 1558 1690 1723 1756; x_wconf 89' lang='lat' dir='ltr'><strong>orbis</strong></span> <span class='ocrx_word' id='word_1_97' title='bbox 1770 1691 1984 1756; x_wconf 85' lang='lat' dir='ltr'><strong>hahet:</strong></span> 
     </span>
     <span class='ocr_line' id='line_1_17' title="bbox 462 1783 1986 1878; baseline 0.001 -22"><span class='ocrx_word' id='word_1_98' title='bbox 462 1783 716 1878; x_wconf 82' lang='lat' dir='ltr'><strong>ipsaque</strong></span> <span class='ocrx_word' id='word_1_99' title='bbox 759 1793 992 1859; x_wconf 83' lang='lat' dir='ltr'><strong>delictis</strong></span> <span class='ocrx_word' id='word_1_100' title='bbox 1037 1794 1192 1859; x_wconf 82' lang='lat' dir='ltr'><strong>vieta</strong></span> <span class='ocrx_word' id='word_1_101' title='bbox 1237 1804 1328 1858; x_wconf 89' lang='lat' dir='ltr'><strong>est</strong></span> <span class='ocrx_word' id='word_1_102' title='bbox 1370 1793 1701 1859; x_wconf 70' lang='lat' dir='ltr'><strong>clementia</strong></span> <span class='ocrx_word' id='word_1_103' title='bbox 1745 1793 1986 1871; x_wconf 82' lang='lat' dir='ltr'><strong>nost—riS‚</strong></span> 
     </span>
     <span class='ocr_line' id='line_1_18' title="bbox 553 1895 2438 1983; baseline -0.001 -22"><span class='ocrx_word' id='word_1_104' title='bbox 553 1916 662 1961; x_wconf 84' lang='lat' dir='ltr'><strong>neo</strong></span> <span class='ocrx_word' id='word_1_105' title='bbox 685 1904 910 1962; x_wconf 81' lang='lat' dir='ltr'><strong>tamen</strong></span> <span class='ocrx_word' id='word_1_106' title='bbox 956 1896 1151 1962; x_wconf 87' lang='lat' dir='ltr'><strong>errori</strong></span> <span class='ocrx_word' id='word_1_107' title='bbox 1196 1896 1320 1962; x_wconf 87' lang='lat' dir='ltr'><strong>vita</strong></span> <span class='ocrx_word' id='word_1_108' title='bbox 1365 1906 1580 1983; x_wconf 83' lang='lat' dir='ltr'><strong>negata</strong></span> <span class='ocrx_word' id='word_1_109' title='bbox 1625 1917 1762 1962; x_wconf 89' lang='lat' dir='ltr'><strong>meo</strong></span> <span class='ocrx_word' id='word_1_110' title='bbox 1806 1907 1923 1962; x_wconf 87' lang='lat' dir='ltr'><strong>est:</strong></span> <span class='ocrx_word' id='word_1_111' title='bbox 2354 1895 2438 1960; x_wconf 74' lang='grc' dir='ltr'><strong>[ιΟ</strong></span> 
     </span>
     <span class='ocr_line' id='line_1_19' title="bbox 465 1997 2050 2085; baseline 0.002 -24"><span class='ocrx_word' id='word_1_112' title='bbox 465 1997 590 2062; x_wconf 82' lang='lat' dir='ltr'><strong>vita</strong></span> <span class='ocrx_word' id='word_1_113' title='bbox 632 2000 842 2084; x_wconf 84' lang='lat' dir='ltr'><strong>procul</strong></span> <span class='ocrx_word' id='word_1_114' title='bbox 888 2000 1085 2084; x_wconf 88' lang='lat' dir='ltr'><strong>patria</strong></span> <span class='ocrx_word' id='word_1_115' title='bbox 1127 1998 1488 2085; x_wconf 64' lang='lat' dir='ltr'><strong>peragenda</strong></span> <span class='ocrx_word' id='word_1_116' title='bbox 1531 2000 1645 2065; x_wconf 90' lang='lat' dir='ltr'><strong>sub</strong></span> <span class='ocrx_word' id='word_1_117' title='bbox 1690 2020 1803 2065; x_wconf 84' lang='lat' dir='ltr'><strong>axe</strong></span> <span class='ocrx_word' id='word_1_118' title='bbox 1846 1999 2050 2077; x_wconf 85' lang='lat' dir='ltr'><strong>boreo,</strong></span> 
     </span>
     <span class='ocr_line' id='line_1_20' title="bbox 553 2100 1880 2185; baseline 0 -19"><span class='ocrx_word' id='word_1_119' title='bbox 553 2114 672 2185; x_wconf 76' lang='lat' dir='ltr'><strong>(sua</strong></span> <span class='ocrx_word' id='word_1_120' title='bbox 714 2100 904 2166; x_wconf 89' lang='lat' dir='ltr'><strong>maris</strong></span> <span class='ocrx_word' id='word_1_121' title='bbox 947 2101 1163 2167; x_wconf 88' lang='lat' dir='ltr'><strong>Euxini</strong></span> <span class='ocrx_word' id='word_1_122' title='bbox 1210 2106 1380 2167; x_wconf 67' lang='lat' dir='ltr'><strong>terra</strong></span> <span class='ocrx_word' id='word_1_123' title='bbox 1424 2102 1667 2167; x_wconf 82' lang='lat' dir='ltr'><strong>sinistra</strong></span> <span class='ocrx_word' id='word_1_124' title='bbox 1712 2102 1880 2167; x_wconf 79' lang='lat' dir='ltr'><strong>iacet.</strong></span> 
     </span>
     <span class='ocr_line' id='line_1_21' title="bbox 468 2201 2031 2291; baseline 0.001 -24"><span class='ocrx_word' id='word_1_125' title='bbox 468 2201 587 2269; x_wconf 82' lang='lat' dir='ltr'><strong>Hoc</strong></span> <span class='ocrx_word' id='word_1_126' title='bbox 628 2203 783 2269; x_wconf 91' lang='lat' dir='ltr'><strong>mihi</strong></span> <span class='ocrx_word' id='word_1_127' title='bbox 830 2203 880 2269; x_wconf 92' lang='lat' dir='ltr'><strong>si</strong></span> <span class='ocrx_word' id='word_1_128' title='bbox 923 2203 1150 2290; x_wconf 81' lang='lat' dir='ltr'><strong>Delphi</strong></span> <span class='ocrx_word' id='word_1_129' title='bbox 1193 2203 1567 2291; x_wconf 67' lang='lat' dir='ltr'><strong>Dodonaque</strong></span> <span class='ocrx_word' id='word_1_130' title='bbox 1610 2204 1836 2270; x_wconf 78' lang='lat' dir='ltr'><strong>diceret</strong></span> <span class='ocrx_word' id='word_1_131' title='bbox 1879 2204 2031 2291; x_wconf 85' lang='lat' dir='ltr'><strong>ipsa,</strong></span> 
     </span>
     <span class='ocr_line' id='line_1_22' title="bbox 553 2306 1810 2393; baseline 0.001 -22"><span class='ocrx_word' id='word_1_132' title='bbox 553 2326 683 2371; x_wconf 88' lang='lat' dir='ltr'><strong>esse</strong></span> <span class='ocrx_word' id='word_1_133' title='bbox 726 2306 1042 2372; x_wconf 86' lang='lat' dir='ltr'><strong>videretur</strong></span> <span class='ocrx_word' id='word_1_134' title='bbox 1084 2327 1280 2373; x_wconf 86' lang='lat' dir='ltr'><strong>vanus</strong></span> <span class='ocrx_word' id='word_1_135' title='bbox 1323 2317 1583 2393; x_wconf 90' lang='lat' dir='ltr'><strong>uterque</strong></span> <span class='ocrx_word' id='word_1_136' title='bbox 1627 2309 1810 2373; x_wconf 81' lang='lat' dir='ltr'><strong>locus,</strong></span> 
     </span>
     <span class='ocr_line' id='line_1_23' title="bbox 465 2406 2435 2497; baseline 0.001 -25"><span class='ocrx_word' id='word_1_137' title='bbox 465 2406 559 2472; x_wconf 92' lang='lat' dir='ltr'><strong>Nil</strong></span> <span class='ocrx_word' id='word_1_138' title='bbox 606 2408 755 2474; x_wconf 91' lang='lat' dir='ltr'><strong>adeo</strong></span> <span class='ocrx_word' id='word_1_139' title='bbox 799 2408 1074 2475; x_wconf 84' lang='lat' dir='ltr'><strong>validum</strong></span> <span class='ocrx_word' id='word_1_140' title='bbox 1118 2419 1226 2485; x_wconf 87' lang='lat' dir='ltr'><strong>est,</strong></span> <span class='ocrx_word' id='word_1_141' title='bbox 1273 2410 1520 2475; x_wconf 67' lang='lat' dir='ltr'><strong>adamas</strong></span> <span class='ocrx_word' id='word_1_142' title='bbox 1565 2411 1704 2475; x_wconf 83' lang='lat' dir='ltr'><strong>licet</strong></span> <span class='ocrx_word' id='word_1_143' title='bbox 1747 2410 1953 2497; x_wconf 83' lang='lat' dir='ltr'><strong>alliget</strong></span> <span class='ocrx_word' id='word_1_144' title='bbox 1996 2410 2171 2487; x_wconf 89' lang='lat' dir='ltr'><strong>illud,</strong></span> <span class='ocrx_word' id='word_1_145' title='bbox 2352 2407 2435 2473; x_wconf 70' lang='lat'><strong>45</strong></span> 
     </span>
     <span class='ocr_line' id='line_1_24' title="bbox 552 2512 1870 2600; baseline 0 -24"><span class='ocrx_word' id='word_1_146' title='bbox 552 2521 622 2576; x_wconf 87' lang='lat' dir='ltr'><strong>ut</strong></span> <span class='ocrx_word' id='word_1_147' title='bbox 663 2521 909 2578; x_wconf 88' lang='lat' dir='ltr'><strong>maneat</strong></span> <span class='ocrx_word' id='word_1_148' title='bbox 955 2513 1167 2598; x_wconf 88' lang='lat' dir='ltr'><strong>rapido</strong></span> <span class='ocrx_word' id='word_1_149' title='bbox 1212 2512 1454 2579; x_wconf 89' lang='lat' dir='ltr'><strong>firmius</strong></span> <span class='ocrx_word' id='word_1_150' title='bbox 1499 2513 1639 2600; x_wconf 84' lang='lat' dir='ltr'><strong>igne</strong></span> <span class='ocrx_word' id='word_1_151' title='bbox 1684 2512 1870 2592; x_wconf 88' lang='lat' dir='ltr'><strong>lovis;</strong></span> 
     </span>
    </p>
   </div>
   <div class='ocr_carea' id='block_1_4' title="bbox 296 2680 687 2687">
    <p class='ocr_par' dir='ltr' id='par_1_4' title="bbox 296 2680 687 2687">
     <span class='ocr_line' id='line_1_25' title="bbox 296 2680 687 2687; baseline 0 1777"><span class='ocrx_word' id='word_1_152' title='bbox 296 2680 687 2687; x_wconf 95' lang='lat' dir='ltr'><strong> </strong></span> 
     </span>
    </p>
   </div>
   <div class='ocr_carea' id='block_1_5' title="bbox 294 2764 2450 4017">
    <p class='ocr_par' dir='ltr' id='par_1_5' title="bbox 409 2764 2311 2821">
     <span class='ocr_line' id='line_1_26' title="bbox 409 2764 2311 2821; baseline -0.002 -11"><span class='ocrx_word' id='word_1_153' title='bbox 409 2768 476 2810; x_wconf 86' lang='grc'><strong>25.</strong></span> <span class='ocrx_word' id='word_1_154' title='bbox 496 2767 918 2821; x_wconf 61' lang='lat' dir='ltr'><strong>peregrinum</strong></span> <span class='ocrx_word' id='word_1_155' title='bbox 960 2767 1187 2811; x_wconf 79' lang='lat' dir='ltr'><strong>ducere</strong></span> <span class='ocrx_word' id='word_1_156' title='bbox 1228 2766 1498 2820; x_wconf 77' lang='lat' dir='ltr'><strong>caelum,</strong></span> <span class='ocrx_word' id='word_1_157' title='bbox 1536 2779 1559 2810; x_wconf 94' lang='lat'>‹</span> <span class='ocrx_word' id='word_1_158' title='bbox 1588 2766 1837 2820; x_wconf 82' lang='lat' dir='ltr'><strong>respirare</strong></span> <span class='ocrx_word' id='word_1_159' title='bbox 1865 2765 1972 2810; x_wconf 81' lang='lat' dir='ltr'><strong>aria</strong></span> <span class='ocrx_word' id='word_1_160' title='bbox 1999 2764 2244 2810; x_wconf 81' lang='lat' dir='ltr'><strong>straniera</strong></span> <span class='ocrx_word' id='word_1_161' title='bbox 2272 2774 2311 2807; x_wconf 88' lang='lat'><strong>›.</strong></span> 
     </span>
    </p>

    <p class='ocr_par' dir='ltr' id='par_1_6' title="bbox 294 2833 2441 2952">
     <span class='ocr_line' id='line_1_27' title="bbox 406 2833 2441 2890; baseline -0.001 -10"><span class='ocrx_word' id='word_1_162' title='bbox 406 2838 473 2880; x_wconf 86' lang='grc'><strong>27.</strong></span> <span class='ocrx_word' id='word_1_163' title='bbox 500 2848 750 2890; x_wconf 76' lang='lat' dir='ltr'><strong>vacuos,</strong></span> <span class='ocrx_word' id='word_1_164' title='bbox 787 2849 810 2880; x_wconf 93' lang='lat'>‹</span> <span class='ocrx_word' id='word_1_165' title='bbox 847 2835 1072 2889; x_wconf 81' lang='lat' dir='ltr'><strong>solitarii,</strong></span> <span class='ocrx_word' id='word_1_166' title='bbox 1103 2835 1357 2890; x_wconf 83' lang='lat' dir='ltr'><strong>tranquilli</strong></span> <span class='ocrx_word' id='word_1_167' title='bbox 1391 2846 1440 2877; x_wconf 79' lang='lat' dir='ltr'><strong>&gt;z</strong></span> <span class='ocrx_word' id='word_1_168' title='bbox 1472 2835 1596 2887; x_wconf 80' lang='lat' dir='ltr'><strong>altri</strong></span> <span class='ocrx_word' id='word_1_169' title='bbox 1633 2835 1905 2881; x_wconf 83' lang='lat' dir='ltr'><strong>emendano</strong></span> <span class='ocrx_word' id='word_1_170' title='bbox 1943 2835 1994 2880; x_wconf 91' lang='lat' dir='ltr'><strong>in</strong></span> <span class='ocrx_word' id='word_1_171' title='bbox 2031 2848 2272 2889; x_wconf 78' lang='lat' dir='ltr'><strong>vacuum,</strong></span> <span class='ocrx_word' id='word_1_172' title='bbox 2307 2833 2441 2879; x_wconf 83' lang='lat' dir='ltr'><strong>ossia.</strong></span> 
     </span>
     <span class='ocr_line' id='line_1_28' title="bbox 294 2906 540 2952; baseline -0.008 0"><span class='ocrx_word' id='word_1_173' title='bbox 294 2906 540 2952; x_wconf 70' lang='lat' dir='ltr'><strong>otiosum.</strong></span> 
     </span>
    </p>

    <p class='ocr_par' dir='ltr' id='par_1_7' title="bbox 404 2975 2063 3032">
     <span class='ocr_line' id='line_1_29' title="bbox 404 2975 2063 3032; baseline -0.001 -11"><span class='ocrx_word' id='word_1_174' title='bbox 404 2978 472 3021; x_wconf 86' lang='grc'><strong>28.</strong></span> <span class='ocrx_word' id='word_1_175' title='bbox 498 2989 757 3032; x_wconf 77' lang='lat' dir='ltr'><strong>rursus,</strong></span> <span class='ocrx_word' id='word_1_176' title='bbox 792 2987 816 3021; x_wconf 92' lang='lat'>‹</span> <span class='ocrx_word' id='word_1_177' title='bbox 845 2976 893 3021; x_wconf 87' lang='lat' dir='ltr'><strong>di</strong></span> <span class='ocrx_word' id='word_1_178' title='bbox 922 2990 1083 3022; x_wconf 83' lang='lat' dir='ltr'><strong>nuovo</strong></span> <span class='ocrx_word' id='word_1_179' title='bbox 1113 2987 1151 3031; x_wconf 88' lang='lat'><strong>›‚</strong></span> <span class='ocrx_word' id='word_1_180' title='bbox 1173 2976 1286 3021; x_wconf 74' lang='lat' dir='ltr'><strong>&#39;cioe</strong></span> <span class='ocrx_word' id='word_1_181' title='bbox 1316 2977 1364 3021; x_wconf 81' lang='lat' dir='ltr'><strong>al</strong></span> <span class='ocrx_word' id='word_1_182' title='bbox 1393 2976 1580 3022; x_wconf 80' lang='lat' dir='ltr'><strong>ritorno</strong></span> <span class='ocrx_word' id='word_1_183' title='bbox 1611 2975 1747 3021; x_wconf 82' lang='lat' dir='ltr'><strong>dalla</strong></span> <span class='ocrx_word' id='word_1_184' title='bbox 1774 2988 2063 3030; x_wconf 66' lang='lat' dir='ltr'><strong>campagus..</strong></span> 
     </span>
    </p>

    <p class='ocr_par' dir='ltr' id='par_1_8' title="bbox 404 3047 1732 3106">
     <span class='ocr_line' id='line_1_30' title="bbox 404 3047 1732 3106; baseline -0.001 -14"><span class='ocrx_word' id='word_1_185' title='bbox 404 3049 472 3093; x_wconf 83' lang='lat'><strong>32.</strong></span> <span class='ocrx_word' id='word_1_186' title='bbox 497 3047 750 3106; x_wconf 76' lang='lat' dir='ltr'><strong>mollia,</strong></span> <span class='ocrx_word' id='word_1_187' title='bbox 787 3060 811 3091; x_wconf 83' lang='lat'>‹</span> <span class='ocrx_word' id='word_1_188' title='bbox 839 3047 989 3102; x_wconf 76' lang='lat' dir='ltr'><strong>facili,</strong></span> <span class='ocrx_word' id='word_1_189' title='bbox 1016 3047 1168 3101; x_wconf 81' lang='lat' dir='ltr'><strong>piani,</strong></span> <span class='ocrx_word' id='word_1_190' title='bbox 1195 3047 1388 3101; x_wconf 62' lang='lat' dir='ltr'><strong>allega-i,</strong></span> <span class='ocrx_word' id='word_1_191' title='bbox 1415 3047 1662 3101; x_wconf 82' lang='lat' dir='ltr'><strong>piaoevoli</strong></span> <span class='ocrx_word' id='word_1_192' title='bbox 1693 3057 1732 3091; x_wconf 89' lang='lat'><strong>›.</strong></span> 
     </span>
    </p>

    <p class='ocr_par' dir='ltr' id='par_1_9' title="bbox 404 3115 2389 3173">
     <span class='ocr_line' id='line_1_31' title="bbox 404 3115 2389 3173; baseline -0.001 -11"><span class='ocrx_word' id='word_1_193' title='bbox 404 3120 472 3163; x_wconf 85' lang='lat'><strong>33.</strong></span> <span class='ocrx_word' id='word_1_194' title='bbox 501 3118 762 3162; x_wconf 74' lang='lat' dir='ltr'><strong>lustris:</strong></span> <span class='ocrx_word' id='word_1_195' title='bbox 799 3118 840 3163; x_wconf 85' lang='lat' dir='ltr'><strong>si</strong></span> <span class='ocrx_word' id='word_1_196' title='bbox 870 3117 1052 3163; x_wconf 82' lang='lat' dir='ltr'><strong>ricordi</strong></span> <span class='ocrx_word' id='word_1_197' title='bbox 1081 3118 1171 3164; x_wconf 84' lang='lat' dir='ltr'><strong>ohe</strong></span> <span class='ocrx_word' id='word_1_198' title='bbox 1200 3118 1235 3164; x_wconf 88' lang='lat' dir='ltr'><strong>il</strong></span> <span class='ocrx_word' id='word_1_199' title='bbox 1266 3118 1298 3162; x_wconf 82' lang='lat' dir='ltr'><strong>l.</strong></span> <span class='ocrx_word' id='word_1_200' title='bbox 1328 3117 1627 3173; x_wconf 74' lang='lat' dir='ltr'><strong>comprenda</strong></span> <span class='ocrx_word' id='word_1_201' title='bbox 1646 3132 1713 3163; x_wconf 92' lang='lat' dir='ltr'><strong>un</strong></span> <span class='ocrx_word' id='word_1_202' title='bbox 1740 3115 1948 3171; x_wconf 81' lang='lat' dir='ltr'><strong>periodo</strong></span> <span class='ocrx_word' id='word_1_203' title='bbox 1969 3115 2019 3161; x_wconf 89' lang='lat' dir='ltr'><strong>di</strong></span> <span class='ocrx_word' id='word_1_204' title='bbox 2049 3117 2228 3171; x_wconf 83' lang='lat' dir='ltr'><strong>cinque</strong></span> <span class='ocrx_word' id='word_1_205' title='bbox 2258 3115 2389 3161; x_wconf 82' lang='lat' dir='ltr'><strong>anni.</strong></span> 
     </span>
    </p>

    <p class='ocr_par' dir='ltr' id='par_1_10' title="bbox 400 3186 1315 3242">
     <span class='ocr_line' id='line_1_32' title="bbox 400 3186 1315 3242; baseline -0.001 -9"><span class='ocrx_word' id='word_1_206' title='bbox 400 3190 472 3233; x_wconf 87' lang='lat'><strong>34.</strong></span> <span class='ocrx_word' id='word_1_207' title='bbox 492 3200 766 3242; x_wconf 76' lang='lat' dir='ltr'><strong>premor,</strong></span> <span class='ocrx_word' id='word_1_208' title='bbox 795 3201 818 3232; x_wconf 94' lang='lat'>‹</span> <span class='ocrx_word' id='word_1_209' title='bbox 848 3201 968 3232; x_wconf 84' lang='lat' dir='ltr'><strong>sono</strong></span> <span class='ocrx_word' id='word_1_210' title='bbox 1003 3186 1246 3233; x_wconf 77' lang='lat' dir='ltr'><strong>inoalzato</strong></span> <span class='ocrx_word' id='word_1_211' title='bbox 1276 3197 1315 3232; x_wconf 90' lang='lat'><strong>&gt;.</strong></span> 
     </span>
    </p>

    <p class='ocr_par' dir='ltr' id='par_1_11' title="bbox 406 3257 2231 3312">
     <span class='ocr_line' id='line_1_33' title="bbox 406 3257 2231 3312; baseline -0.001 -9"><span class='ocrx_word' id='word_1_212' title='bbox 406 3261 476 3304; x_wconf 83' lang='grc'><strong>36.</strong></span> <span class='ocrx_word' id='word_1_213' title='bbox 502 3259 837 3303; x_wconf 75' lang='lat' dir='ltr'><strong>curriculo</strong></span> <span class='ocrx_word' id='word_1_214' title='bbox 878 3271 1029 3312; x_wconf 83' lang='lat' dir='ltr'><strong>meo,</strong></span> <span class='ocrx_word' id='word_1_215' title='bbox 1066 3258 1170 3303; x_wconf 86' lang='lat' dir='ltr'><strong>soil.</strong></span> <span class='ocrx_word' id='word_1_216' title='bbox 1198 3272 1238 3303; x_wconf 83' lang='lat' dir='ltr'><strong>e.</strong></span> <span class='ocrx_word' id='word_1_217' title='bbox 1265 3259 1404 3303; x_wconf 81' lang='lat' dir='ltr'><strong>vitae</strong></span> <span class='ocrx_word' id='word_1_218' title='bbox 1430 3271 1590 3303; x_wconf 80' lang='lat' dir='ltr'><strong>meae.</strong></span> <span class='ocrx_word' id='word_1_219' title='bbox 1619 3279 1670 3290; x_wconf 83' lang='lat'>-</span> <span class='ocrx_word' id='word_1_220' title='bbox 1698 3258 1911 3311; x_wconf 80' lang='lat' dir='ltr'><strong>ruina,</strong></span> <span class='ocrx_word' id='word_1_221' title='bbox 1939 3269 1963 3303; x_wconf 92' lang='lat'>‹</span> <span class='ocrx_word' id='word_1_222' title='bbox 1992 3257 2171 3303; x_wconf 81' lang='lat' dir='ltr'><strong>oaduta</strong></span> <span class='ocrx_word' id='word_1_223' title='bbox 2192 3268 2231 3302; x_wconf 90' lang='lat'><strong>›.</strong></span> 
     </span>
    </p>

    <p class='ocr_par' dir='ltr' id='par_1_12' title="bbox 408 3328 1130 3382">
     <span class='ocr_line' id='line_1_34' title="bbox 408 3328 1130 3382; baseline 0.001 -10"><span class='ocrx_word' id='word_1_224' title='bbox 408 3330 476 3373; x_wconf 84' lang='lat'><strong>37.</strong></span> <span class='ocrx_word' id='word_1_225' title='bbox 503 3329 718 3382; x_wconf 82' lang='lat' dir='ltr'><strong>illum,</strong></span> <span class='ocrx_word' id='word_1_226' title='bbox 753 3328 859 3373; x_wconf 76' lang='lat' dir='ltr'><strong>eioe</strong></span> <span class='ocrx_word' id='word_1_227' title='bbox 887 3329 1130 3382; x_wconf 76' lang='lat' dir='ltr'><strong>Augusto.</strong></span> 
     </span>
    </p>

    <p class='ocr_par' dir='ltr' id='par_1_13' title="bbox 408 3400 1188 3455">
     <span class='ocr_line' id='line_1_35' title="bbox 408 3400 1188 3455; baseline -0.004 -11"><span class='ocrx_word' id='word_1_228' title='bbox 408 3402 476 3445; x_wconf 85' lang='lat'><strong>39.</strong></span> <span class='ocrx_word' id='word_1_229' title='bbox 501 3400 674 3455; x_wconf 74' lang='lat' dir='ltr'><strong>ipsa,</strong></span> <span class='ocrx_word' id='word_1_230' title='bbox 710 3413 734 3443; x_wconf 87' lang='lat'>‹</span> <span class='ocrx_word' id='word_1_231' title='bbox 763 3400 814 3444; x_wconf 77' lang='lat' dir='ltr'><strong>la</strong></span> <span class='ocrx_word' id='word_1_232' title='bbox 842 3413 932 3445; x_wconf 80' lang='lat' dir='ltr'><strong>sua</strong></span> <span class='ocrx_word' id='word_1_233' title='bbox 961 3404 1120 3445; x_wconf 81' lang='lat' dir='ltr'><strong>stessa.</strong></span> <span class='ocrx_word' id='word_1_234' title='bbox 1148 3410 1188 3445; x_wconf 86' lang='lat'><strong>&gt;.</strong></span> 
     </span>
    </p>

    <p class='ocr_par' dir='ltr' id='par_1_14' title="bbox 408 3469 1983 3526">
     <span class='ocr_line' id='line_1_36' title="bbox 408 3469 1983 3526; baseline -0.002 -12"><span class='ocrx_word' id='word_1_235' title='bbox 408 3473 476 3515; x_wconf 92' lang='lat'><strong>41.</strong></span> <span class='ocrx_word' id='word_1_236' title='bbox 495 3471 895 3526; x_wconf 57' lang='lat' dir='ltr'><strong>peraqendm</strong></span> <span class='ocrx_word' id='word_1_237' title='bbox 933 3470 1036 3515; x_wconf 85' lang='lat' dir='ltr'><strong>soil.</strong></span> <span class='ocrx_word' id='word_1_238' title='bbox 1065 3475 1154 3515; x_wconf 77' lang='lat' dir='ltr'><strong>est.</strong></span> <span class='ocrx_word' id='word_1_239' title='bbox 1181 3493 1233 3501; x_wconf 93' lang='lat'><em>-</em></span> <span class='ocrx_word' id='word_1_240' title='bbox 1263 3471 1463 3524; x_wconf 82' lang='lat' dir='ltr'><strong>boreo,</strong></span> <span class='ocrx_word' id='word_1_241' title='bbox 1491 3483 1514 3514; x_wconf 94' lang='lat'>‹</span> <span class='ocrx_word' id='word_1_242' title='bbox 1543 3469 1914 3515; x_wconf 79' lang='lat' dir='ltr'><strong>settentrionale</strong></span> <span class='ocrx_word' id='word_1_243' title='bbox 1944 3480 1983 3514; x_wconf 90' lang='lat'><strong>&gt;.</strong></span> 
     </span>
    </p>

    <p class='ocr_par' dir='ltr' id='par_1_15' title="bbox 295 3539 2443 3736">
     <span class='ocr_line' id='line_1_37' title="bbox 409 3539 2443 3595; baseline -0 -11"><span class='ocrx_word' id='word_1_244' title='bbox 409 3541 477 3584; x_wconf 85' lang='lat'><strong>43.</strong></span> <span class='ocrx_word' id='word_1_245' title='bbox 502 3541 627 3594; x_wconf 80' lang='lat' dir='ltr'><strong>hoe,</strong></span> <span class='ocrx_word' id='word_1_246' title='bbox 663 3542 738 3585; x_wconf 86' lang='lat' dir='ltr'><strong>ooi</strong></span> <span class='ocrx_word' id='word_1_247' title='bbox 760 3540 898 3586; x_wconf 87' lang='lat' dir='ltr'><strong>oodd.</strong></span> <span class='ocrx_word' id='word_1_248' title='bbox 921 3540 1150 3594; x_wconf 77' lang='lat' dir='ltr'><strong>migliori,</strong></span> <span class='ocrx_word' id='word_1_249' title='bbox 1176 3553 1268 3595; x_wconf 86' lang='lat' dir='ltr'><strong>per</strong></span> <span class='ocrx_word' id='word_1_250' title='bbox 1294 3542 1422 3586; x_wconf 79' lang='lat' dir='ltr'><strong>haec</strong></span> <span class='ocrx_word' id='word_1_251' title='bbox 1451 3540 1580 3585; x_wconf 80' lang='lat' dir='ltr'><strong>delle</strong></span> <span class='ocrx_word' id='word_1_252' title='bbox 1602 3544 1699 3586; x_wconf 78' lang='lat' dir='ltr'><strong>ant.</strong></span> <span class='ocrx_word' id='word_1_253' title='bbox 1720 3540 2014 3585; x_wconf 82' lang='lat' dir='ltr'><strong>edizioni.—</strong></span> <span class='ocrx_word' id='word_1_254' title='bbox 1962 3540 2294 3594; x_wconf 78' lang='lat' dir='ltr'><strong>-Delphi‚</strong></span> <span class='ocrx_word' id='word_1_255' title='bbox 2316 3539 2443 3584; x_wconf 80' lang='lat' dir='ltr'><strong>eollo</strong></span> 
     </span>
     <span class='ocr_line' id='line_1_38' title="bbox 295 3606 2447 3667; baseline -0.001 -11"><span class='ocrx_word' id='word_1_256' title='bbox 295 3610 575 3666; x_wconf 74' lang='lat' dir='ltr'><strong>Scaligero,</strong></span> <span class='ocrx_word' id='word_1_257' title='bbox 603 3624 695 3665; x_wconf 85' lang='lat' dir='ltr'><strong>per</strong></span> <span class='ocrx_word' id='word_1_258' title='bbox 722 3610 948 3667; x_wconf 68' lang='lat' dir='ltr'><strong>Delphis</strong></span> <span class='ocrx_word' id='word_1_259' title='bbox 977 3611 1057 3656; x_wconf 82' lang='lat' dir='ltr'><strong>del</strong></span> <span class='ocrx_word' id='word_1_260' title='bbox 1087 3611 1145 3656; x_wconf 84' lang='lat' dir='ltr'><strong>G.</strong></span> <span class='ocrx_word' id='word_1_261' title='bbox 1166 3625 1192 3656; x_wconf 88' lang='lat' dir='ltr'><strong>e</strong></span> <span class='ocrx_word' id='word_1_262' title='bbox 1213 3612 1271 3656; x_wconf 83' lang='lat' dir='ltr'><strong>V.</strong></span> <span class='ocrx_word' id='word_1_263' title='bbox 1300 3624 1326 3656; x_wconf 89' lang='lat' dir='ltr'><strong>e</strong></span> <span class='ocrx_word' id='word_1_264' title='bbox 1356 3606 1592 3667; x_wconf 64' lang='lat' dir='ltr'><strong>Delffltos</strong></span> <span class='ocrx_word' id='word_1_265' title='bbox 1619 3611 1748 3656; x_wconf 87' lang='lat' dir='ltr'><strong>delle</strong></span> <span class='ocrx_word' id='word_1_266' title='bbox 1778 3610 1973 3656; x_wconf 79' lang='lat' dir='ltr'><strong>antiche</strong></span> <span class='ocrx_word' id='word_1_267' title='bbox 2002 3610 2227 3655; x_wconf 84' lang='lat' dir='ltr'><strong>edizioni.</strong></span> <span class='ocrx_word' id='word_1_268' title='bbox 2252 3633 2306 3641; x_wconf 88' lang='lat'><strong>·-</strong></span> <span class='ocrx_word' id='word_1_269' title='bbox 2331 3609 2447 3654; x_wconf 90' lang='lat' dir='ltr'><strong>Do·</strong></span> 
     </span>
     <span class='ocr_line' id='line_1_39' title="bbox 296 3679 2282 3736; baseline -0.001 -11"><span class='ocrx_word' id='word_1_270' title='bbox 296 3681 490 3725; x_wconf 81' lang='lat' dir='ltr'><strong>dona:</strong></span> <span class='ocrx_word' id='word_1_271' title='bbox 525 3681 756 3726; x_wconf 76' lang='lat' dir='ltr'><strong>l’oraoolo</strong></span> <span class='ocrx_word' id='word_1_272' title='bbox 786 3680 834 3725; x_wconf 90' lang='lat' dir='ltr'><strong>di</strong></span> <span class='ocrx_word' id='word_1_273' title='bbox 862 3681 1044 3736; x_wconf 82' lang='lat' dir='ltr'><strong>Apollo</strong></span> <span class='ocrx_word' id='word_1_274' title='bbox 1073 3681 1123 3726; x_wconf 90' lang='lat' dir='ltr'><strong>in</strong></span> <span class='ocrx_word' id='word_1_275' title='bbox 1150 3681 1296 3727; x_wconf 84' lang='lat' dir='ltr'><strong>Delfo</strong></span> <span class='ocrx_word' id='word_1_276' title='bbox 1325 3695 1352 3726; x_wconf 90' lang='lat' dir='ltr'><strong>e</strong></span> <span class='ocrx_word' id='word_1_277' title='bbox 1383 3681 1433 3726; x_wconf 91' lang='lat' dir='ltr'><strong>di</strong></span> <span class='ocrx_word' id='word_1_278' title='bbox 1464 3681 1619 3727; x_wconf 82' lang='lat' dir='ltr'><strong>Giove</strong></span> <span class='ocrx_word' id='word_1_279' title='bbox 1647 3681 1884 3726; x_wconf 86' lang='lat' dir='ltr'><strong>Dodoneo</strong></span> <span class='ocrx_word' id='word_1_280' title='bbox 1913 3681 2046 3725; x_wconf 83' lang='lat' dir='ltr'><strong>nella.</strong></span> <span class='ocrx_word' id='word_1_281' title='bbox 2084 3679 2282 3725; x_wconf 78' lang='lat' dir='ltr'><strong>Caonia.</strong></span> 
     </span>
    </p>

    <p class='ocr_par' dir='ltr' id='par_1_16' title="bbox 411 3752 1382 3806">
     <span class='ocr_line' id='line_1_40' title="bbox 411 3752 1382 3806; baseline 0.002 -11"><span class='ocrx_word' id='word_1_282' title='bbox 411 3753 479 3795; x_wconf 89' lang='grc'><strong>44.</strong></span> <span class='ocrx_word' id='word_1_283' title='bbox 506 3764 736 3806; x_wconf 74' lang='lat' dir='ltr'><strong>vanae,</strong></span> <span class='ocrx_word' id='word_1_284' title='bbox 772 3764 795 3795; x_wconf 94' lang='lat'>‹</span> <span class='ocrx_word' id='word_1_285' title='bbox 826 3765 1046 3806; x_wconf 87' lang='lat' dir='ltr'><strong>erroneo,</strong></span> <span class='ocrx_word' id='word_1_286' title='bbox 1076 3752 1311 3798; x_wconf 74' lang='lat' dir='ltr'><strong>mendace</strong></span> <span class='ocrx_word' id='word_1_287' title='bbox 1341 3763 1382 3797; x_wconf 86' lang='lat'><strong>›.</strong></span> 
     </span>
    </p>

    <p class='ocr_par' dir='ltr' id='par_1_17' title="bbox 413 3822 1089 3877">
     <span class='ocr_line' id='line_1_41' title="bbox 413 3822 1089 3877; baseline 0.001 -11"><span class='ocrx_word' id='word_1_288' title='bbox 413 3824 481 3865; x_wconf 87' lang='grc'><strong>45.</strong></span> <span class='ocrx_word' id='word_1_289' title='bbox 511 3822 684 3877; x_wconf 74' lang='lat' dir='ltr'><strong>licet,</strong></span> <span class='ocrx_word' id='word_1_290' title='bbox 721 3822 1089 3876; x_wconf 76' lang='lat' dir='ltr'><strong>congiunzione.</strong></span> 
     </span>
    </p>

    <p class='ocr_par' dir='ltr' id='par_1_18' title="bbox 301 3892 2450 4017">
     <span class='ocr_line' id='line_1_42' title="bbox 412 3892 2450 3949; baseline 0 -13"><span class='ocrx_word' id='word_1_291' title='bbox 412 3893 480 3936; x_wconf 85' lang='lat'><strong>46.</strong></span> <span class='ocrx_word' id='word_1_292' title='bbox 506 3897 768 3938; x_wconf 74' lang='lat' dir='ltr'><strong>maneat</strong></span> <span class='ocrx_word' id='word_1_293' title='bbox 800 3894 1098 3949; x_wconf 76' lang='lat' dir='ltr'><strong>firmius,</strong></span> <span class='ocrx_word' id='word_1_294' title='bbox 1126 3908 1150 3939; x_wconf 68' lang='grc' dir='ltr'><strong><em>ε</em></strong></span> <span class='ocrx_word' id='word_1_295' title='bbox 1170 3893 1348 3939; x_wconf 77' lang='lat' dir='ltr'><strong>resista</strong></span> <span class='ocrx_word' id='word_1_296' title='bbox 1368 3907 1515 3940; x_wconf 81' lang='lat' dir='ltr'><strong>senza</strong></span> <span class='ocrx_word' id='word_1_297' title='bbox 1536 3893 1781 3948; x_wconf 80' lang='lat' dir='ltr'><strong>spezzarsi</strong></span> <span class='ocrx_word' id='word_1_298' title='bbox 1804 3903 1844 3938; x_wconf 90' lang='lat'><strong>&gt;.</strong></span> <span class='ocrx_word' id='word_1_299' title='bbox 1874 3917 1923 3925; x_wconf 90' lang='lat'><em>-</em></span> <span class='ocrx_word' id='word_1_300' title='bbox 1951 3893 2096 3947; x_wconf 67' lang='lat' dir='ltr'><strong>iane</strong></span> <span class='ocrx_word' id='word_1_301' title='bbox 2132 3892 2319 3947; x_wconf 67' lang='lat' dir='ltr'><strong>Iovis,</strong></span> <span class='ocrx_word' id='word_1_302' title='bbox 2357 3905 2380 3936; x_wconf 94' lang='lat'>‹</span> <span class='ocrx_word' id='word_1_303' title='bbox 2401 3892 2450 3937; x_wconf 80' lang='lat' dir='ltr'><strong>al</strong></span> 
     </span>
     <span class='ocr_line' id='line_1_43' title="bbox 301 3961 1297 4017; baseline 0.002 -10"><span class='ocrx_word' id='word_1_304' title='bbox 301 3961 512 4008; x_wconf 79' lang='lat' dir='ltr'><strong>fuLmine</strong></span> <span class='ocrx_word' id='word_1_305' title='bbox 541 3962 592 4007; x_wconf 88' lang='lat' dir='ltr'><strong>di</strong></span> <span class='ocrx_word' id='word_1_306' title='bbox 621 3963 775 4009; x_wconf 82' lang='lat' dir='ltr'><strong>Giove</strong></span> <span class='ocrx_word' id='word_1_307' title='bbox 806 3974 847 4017; x_wconf 82' lang='lat'><strong>›,</strong></span> <span class='ocrx_word' id='word_1_308' title='bbox 873 3964 979 4010; x_wconf 73' lang='lat' dir='ltr'><strong>oioe</strong></span> <span class='ocrx_word' id='word_1_309' title='bbox 1010 3964 1297 4017; x_wconf 74' lang='lat' dir='ltr'><strong>d’Augusto.</strong></span> 
     </span>
    </p>
   </div>
   <div class='ocr_carea' id='block_1_6' title="bbox 2814 0 2821 2434">
    <p class='ocr_par' dir='ltr' id='par_1_19' title="bbox 2814 0 2821 2434">
     <span class='ocr_line' id='line_1_44' title="bbox 2814 0 2821 2434; baseline 0 0"><span class='ocrx_word' id='word_1_310' title='bbox 2814 0 2821 2434; x_wconf 95' lang='lat' dir='ltr'><strong> </strong></span> 
     </span>
    </p>
   </div>
   <div class='ocr_carea' id='block_1_7' title="bbox 2816 3587 2819 4220">
    <p class='ocr_par' dir='ltr' id='par_1_20' title="bbox 2816 3587 2819 4220">
     <span class='ocr_line' id='line_1_45' title="bbox 2816 3587 2819 4220; baseline 0 0"><span class='ocrx_word' id='word_1_311' title='bbox 2816 3587 2819 4220; x_wconf 95' lang='lat' dir='ltr'><strong> </strong></span> 
     </span>
    </p>
   </div>
  </div>
 </body>
</html>
