2840 4464
462 216 531 269 80
1393 229 1684 272 'rms‘rlum

629 334 760 401 Non
806 335 919 402 suit
965 335 1078 400 hoc
1120 335 1210 401 illi
1260 334 1478 412 fraudi,
1524 335 1869 422 legiturque
1912 334 2189 402 Tibullus

714 447 774 504 et
818 439 1034 524 placet,
1081 448 1141 503 et
1184 438 1326 516 iam,
1373 447 1433 504 te
1476 438 1774 524 principe,
1822 447 2001 504 notus
2045 446 2196 503 erat.

633 540 913 606 Invenies
956 540 1171 607 eadem
1214 541 1426 606 blandi
1471 550 1795 627 praecepta
1839 540 2149 626 Properti:
2480 539 2605 604 465

720 642 1038 709 destrictus
1081 643 1341 708 minima
1386 663 1499 710 nec
1540 653 1746 708 tamen
1791 643 1898 708 ille
1942 652 2084 708 nota
2128 651 2234 708 est.

634 745 749 823 His
781 766 889 833 ego
933 746 1205 824 successi,
1252 745 1543 833 quoniam
1587 746 1968 832 praestantia·
2001 745 2228 811 candor

720 849 971 917 nomina
1018 849 1301 914 vivorum
1345 846 1732 914 dissimulare
1778 847 1963 914 iubet.

633 951 761 1016 Non
808 950 1004 1029 timui,
1053 950 1262 1027 fateor,
1312 970 1408 1027 ne,
1457 964 1577 1037 qua
1621 959 1708 1016 tot
1751 950 1878 1016 iere
1922 949 2181 1028 carinae,

722 1053 1030 1141 naufraga,
1077 1054 1332 1120 servatis
1377 1053 1683 1131 omnibUS,
1727 1073 1851 1119 una
1898 1053 2069 1118 soret.
2480 1050 2610 1116 470

636 1157 792 1223 Sunt
834 1157 969 1222 aliis
1013 1157 1289 1242 scriptae,
1337 1155 1559 1242 quibus
1603 1158 1735 1221 alea
1780 1155 2032 1233 luditur,
2079 1164 2264 1220 artes:
2309 1191 2394 1201 —

723 1259 835 1324 hoc
878 1269 968 1325 est
1011 1259 1087 1325 ad
1132 1268 1371 1325 nostros
1416 1279 1540 1324 non
1586 1260 1721 1325 leve
1763 1259 2002 1345 crimen
2042 1278 2214 1336 avos3
2258 1295 2346 1306 —

635 1362 783 1447 quid
825 1363 1070 1427 valeant
1108 1362 1255 1446 Q
1286 1383 1405 1448 quo
1450 1362 1644 1448 possis
1683 1361 1954 1447 ‚plurima
1999 1361 2154 1427 iactu

722 1465 925 1552 figere,
971 1463 1297 1531 damnosos
1341 1465 1671 1553 effugiasve
1715 1484 1924 1529 canes:

632 1577 858 1633 tessera
902 1589 1052 1655 quos
1099 1568 1319 1633 habeat
1362 1587 1671 1644 numeroS‚
1718 1567 1981 1633 distante
2025 1575 2234 1632 vocato
2476 1564 2602 1630 475

719 1671 962 1737 mittere
1006 1691 1126 1757 quo
1170 1671 1394 1749 deceat,
1442 1690 1562 1757 quo
1607 1670 1755 1735 dare
1797 1669 1982 1734 missa
2026 1669 2237 1734 modo:

633 1773 892 1839 discolor
936 1782 1002 1839 ut
1046 1782 1208 1838 recto
1251 1782 1558 1859 grassetur
1602 1771 1797 1837 limite
1840 1772 2038 1849 miles,

545 1968 641 2011 463.
662 1966 921 2022 fraudi,
950 1964 1057 2010 cioe
1087 1966 1294 2010 damno,

546 2039 639 2082 464.
673 2041 864 2082 notus
902 2038 1064 2090 erat,
1102 2035 1236 2080 ossia
1262 2035 1507 2091 florebat.
1548 2034 1591 2079 Il
1628 2034 1907 2089 principato
1947 2034 2219 2092 d'Augusto
2256 2032 2499 2079 comincia
2525 2035 2617 2079 nel

467 2111 547 2152 726
576 2106 626 2152 di
654 2107 712 2152 R.

546 2180 640 2222 465.
668 2177 906 2230 eadem,
931 2190 956 2221 ‹
987 2177 1142 2222 anche
1168 2188 1193 2220 ›
1210 2190 1223 2231 ς
1243 2180 1547 2234 praecepta,
1576 2176 1680 2222 scil.
1709 2177 1924 2222 amoris.

544 2251 639 2295 466.
667 2249 1023 2293 destrictus
1051 2248 1161 2292 vale
1192 2248 1386 2303 laesas,
1416 2251 1647 2293 notatus.
1673 2272 1728 2279 —-
1753 2252 1930 2302 nota,
1958 2260 1982 2291 ‹
2012 2260 2221 2293 censura
2249 2257 2286 2292 ›.

546 2321 642 2364 467.
664 2319 1098 2374 praestantia
1125 2318 1371 2364 concorda
1399 2331 1494 2363 con
1521 2320 1756 2364 nomina.

543 2392 637 2435 468.
666 2389 1119 2442 dissimulare,
1145 2387 1328 2443 perche
1358 2403 1456 2434 non
1486 2388 1664 2434 sembri
1695 2389 1784 2434 che
1812 2389 1860 2434 io
1890 2388 2057 2442 voglia
2084 2387 2343 2434 accusarli.

545 2464 637 2505 471.
666 2474 700 2506 a
717 2460 857 2515 liis,
885 2472 977 2514 per
1006 2460 1071 2503 ab
1101 2460 1241 2504 aliis.
1268 2483 1321 2490 —
1350 2460 1499 2504 alea
1528 2472 1745 2505 accenna
1774 2459 1822 2504 ai
1852 2459 2050 2512 giuoohi
2080 2458 2350 2513 d'azzardo,
2372 2459 2455 2504 nei
2473 2460 2614 2514 quali

467 2533 736 2577 temeritas
767 2534 813 2574 et
841 2543 1012 2585 casus,
1040 2543 1177 2575 come
1207 2530 1365 2575 scrIve
1394 2530 1508 2583 Cic„
1536 2530 1675 2575 Phil.
1702 2533 1743 2584 2,
1765 2533 1833 2585 23,
1860 2543 1966 2575 non
1992 2531 2133 2576 ratio
2159 2521 2381 2575 valebat.

545 2605 639 2648 473.
669 2602 817 2655 tali,
845 2601 1016 2647 aliossi
1045 2615 1073 2646 o
1103 2600 1233 2655 dadi,
1262 2600 1371 2646 fatti
1403 2601 1563 2647 d'osso
1593 2614 1621 2646 o
1662 2600 1837 2646 d'altra
1874 2600 2095 2655 materia,
2132 2614 2224 2646 con
2258 2600 2328 2646 sei
2368 2600 2507 2647 facco
2538 2616 2616 2647 se-

466 2677 615 2729 gnate
645 2673 693 2717 di
722 2687 787 2717 un
817 2672 1011 2718 diverso
1040 2684 1243 2718 numero
1273 2672 1323 2717 di
1350 2672 1507 2726 punti.
1535 2671 1698 2718 Scossi
1728 2671 1776 2717 in
1813 2686 1880 2717 un
1908 2672 2122 2726 bossolo,
2163 2672 2406 2718 venivano
2449 2673 2615 2727 gittati

466 2759 616 2800 sopra
643 2745 678 2789 il
709 2744 966 2789 tavoliere.
993 2767 1046 2774 -
1068 2744 1391 2799 plurima,
1416 2756 1442 2787 ‹
1471 2742 1697 2798 maggior
1724 2757 1928 2789 numero
1956 2743 2007 2788 di
2034 2743 2177 2798 punti
2205 2755 2243 2788 ›.

546 2818 640 2862 474.
669 2828 870 2860 canes.
911 2815 954 2858 Il
981 2813 1071 2868 piu
1096 2813 1294 2860 infelice
1322 2818 1479 2868 punto
1509 2815 1590 2859 nel
1618 2814 1796 2868 giuoco
1826 2814 1906 2859 dei
1935 2814 2049 2859 dadi
2080 2813 2381 2859 chiamavasi
2409 2814 2559 2871 Cane,
2587 2830 2614 2861 e

465 2886 500 2932 il
527 2890 682 2941 punto
712 2885 937 2938 migliore
957 2885 1165 2931 Venere.
1193 2885 1235 2929 Il
1265 2884 1424 2939 primo
1460 2885 1500 2929 si
1531 2897 1687 2930 aveva
1716 2897 1768 2929 se
1802 2884 1914 2930 tutti
1948 2884 1965 2929 i
1994 2884 2110 2930 dadi
2140 2885 2433 2939 sooprivano
2462 2885 2498 2930 il
2523 2900 2616 2931 nu-

467 2970 600 3002 mero
623 2959 662 3009 1,
689 2955 724 2999 il
754 2955 966 3001 secondo
998 2968 1049 2999 se
1079 2955 1280 3000 ciascun
1310 2954 1439 2999 dado
1470 2958 1718 3000 mostrava
1746 2968 1813 2999 un
1833 2967 2036 2999 numero
2056 2953 2266 3000 diverso.

547 3029 642 3073 475.
671 3030 933 3071 tessera.
961 3026 984 3069 I
1015 3026 1116 3070 tali
1144 3039 1171 3071 o
1202 3025 1456 3079 astragali,
1486 3025 1548 3071 od
1577 3025 1678 3070 ossi
1707 3024 1788 3069 del
1817 3025 2046 3070 malleolo
2067 3024 2199 3078 degli
2222 3024 2437 3081 animali,
2458 3039 2486 3071 o
2507 3026 2615 3071 veri

468 3112 496 3144 o
526 3098 705 3143 imitati
734 3098 784 3142 di
813 3097 1030 3152 metallo,
1054 3110 1203 3142 erano
1234 3096 1284 3141 di
1313 3095 1473 3141 forma
1501 3096 1733 3154 bislunga
1769 3096 1900 3140 nelle
1937 3099 2137 3151 quattro
2175 3095 2314 3141 faece
2350 3096 2547 3142 laterali
2587 3112 2614 3143 e

471 3182 692 3214 avevano
723 3167 916 3221 segnati
944 3168 1428 3222 progressivamente
1458 3167 1474 3211 i
1502 3167 1692 3212 numeri
1722 3170 1760 3221 1,
1777 3169 1818 3221 3,
1845 3170 1886 3222 6,
1912 3168 1953 3212 4.
1981 3166 2186 3221 Quando
2214 3180 2311 3212 non
2340 3171 2616 3222 portavano

470 3241 616 3285 alcun
646 3253 798 3293 segno
828 3253 856 3285 o
886 3239 1024 3295 cifra,
1053 3239 1132 3284 dei
1162 3239 1257 3285 due
1286 3240 1375 3284 lati
1404 3238 1582 3294 stretti,
1610 3238 1644 3283 il
1675 3252 1892 3284 concavo
1920 3239 2097 3283 valeva
2125 3241 2166 3292 6,
2192 3239 2358 3293 quello
2388 3238 2556 3284 diritto
2579 3243 2618 3295 1,

469 3326 496 3357 e
527 3311 606 3357 dei
636 3311 732 3356 due
760 3310 849 3365 piu
877 3311 1053 3365 lar-ghi,
1088 3311 1123 3355 il
1162 3323 1379 3356 concavo
1420 3314 1631 3355 contava
1652 3313 1693 3363 4,
1721 3310 1757 3354 il
1795 3322 2033 3355 convesso
2061 3313 2101 3355 3.
2129 3309 2190 3355 Se
2231 3323 2293 3355 ne
2335 3313 2616 3356 mettevano

467 3382 548 3427 nel
576 3382 776 3428 bossolo
812 3385 1046 3437 (pyryus,
1084 3382 1364 3435 turricula,
1393 3382 1631 3437 phimus,
1669 3394 1806 3435 orca,
1834 3380 2089 3436 fritillas)
2124 3383 2320 3435 quattro
2347 3394 2440 3435 per
2466 3381 2619 3426 volta.

467 3454 535 3498 Le
566 3457 793 3498 tesserae
820 3466 848 3497 o
878 3452 992 3497 cubi
1022 3452 1062 3496 si
1091 3452 1365 3506 giocavano
1396 3466 1426 3497 a
1454 3456 1528 3497 tre
1558 3464 1648 3506 per
1675 3452 1825 3506 volta,
1854 3464 1879 3496 e
1910 3464 2131 3496 avevano
2156 3451 2312 3496 scritti
2342 3452 2620 3505 progressi-

431 3523 436 3527 ’
467 3527 694 3569 vamente
726 3523 850 3568 sulle
880 3523 951 3567 sei
981 3523 1119 3568 faece
1150 3522 1166 3567 i
1204 3522 1350 3578 primi
1390 3523 1463 3568 sei
1501 3522 1706 3568 numeri.
1742 3522 1963 3567 Vinceva
2001 3522 2035 3566 il
2072 3535 2275 3567 numero
2303 3521 2392 3576 piu
2420 3522 2535 3567 alto.
2563 3546 2618 3554 —-

471 3596 785 3649 distante,
813 3594 917 3640 scil.
943 3607 1177 3647 numero,
1207 3593 1232 3638 e
1263 3594 1297 3638 il
1326 3598 1482 3649 punto
1511 3593 1635 3638 fatto
1666 3592 2084 3638 dall’avversario.

548 3667 641 3710 476.
668 3665 928 3709 mittere
970 3665 1278 3720 quomodo
1322 3665 1557 3717 deceat,
1582 3677 1674 3718 per
1693 3663 1797 3708 fare
1818 3676 1883 3708 un
1898 3676 2101 3712 numero
2122 3662 2376 3717 superiore
2398 3677 2428 3709 a
2448 3663 2617 3717 quello

467 3734 881 3780 dell’avversario.
908 3758 961 3766 —
991 3735 1145 3780 dare
1186 3735 1390 3780 missa
1417 3734 1529 3779 vale
1557 3735 1837 3787 remittere,
1861 3733 2047 3789 perche
2065 3734 2383 3780 l’avversario
2403 3734 2620 3788 piglian-

469 3805 571 3850 doli
599 3804 760 3850 faccia
787 3819 853 3850 un
880 3809 1035 3860 punto
1065 3806 1216 3850 molto
1244 3805 1408 3850 basso.

548 3877 640 3919 477.
680 3877 700 3916 1
747 3876 942 3920 calculi
982 3889 1010 3921 o
1054 3876 1351 3921 latrunculi
1392 3890 1542 3921 erano
1584 3889 1684 3921 una
1722 3876 1889 3930 specie
1920 3875 1969 3921 di
1998 3875 2176 3930 giuooo
2207 3875 2256 3920 di
2286 3876 2481 3921 scacchi
2507 3889 2534 3921 o
2567 3877 2621 3921 di

472 3943 630 3997 dama,
658 3944 747 3989 ohe
777 3946 817 3990 si
847 3946 1020 3991 faceva
1049 3960 1141 3991 con
1169 3950 1331 3993 trenta
1360 3960 1388 3991 o
1418 3946 1676 3991 trentadue
1704 3946 1844 4000 pezzi
1866 3946 1915 3991 di
1934 3946 2131 3992 diverso
2152 3946 2330 4002 colore,
2349 3959 2440 4001 per
2459 3947 2506 3992 lo
2526 3947 2620 4001 piu
