2840 4464
380 167 480 222 134
1254 214 1261 221 .
1308 183 1605 225 'rais'rmm

548 288 745 375 thue
788 289 1156 376 soporiferae
1200 290 1476 357 biberem
1521 291 1568 355 si
1618 291 1832 376 pocula
1876 288 2113 368 LetheS,

634 393 931 478 temporis
973 393 1215 458 adversi
1262 394 1346 459 sic
1389 393 1546 458 mihi
1592 413 1806 458 sensus
1850 393 2036 458 abest.

550 492 688 559 Iure
731 494 874 560 deas
919 494 1105 582 igitur
1146 494 1432 573 veneror,
1478 496 1640 560 mala
1685 504 1892 560 nostra
1937 496 2228 574 levanteS‚

632 596 925 663 sollicitae
967 598 1216 663 comites
1259 617 1337 662 ex
1382 597 1666 663 Helicone
1711 596 1906 683 fugae,
2443 599 2532 664 50

542 707 604 764 et
648 699 876 783 partim
918 702 1133 786 pelago
1176 700 1402 785 partim
1449 699 1699 785 vestigia
1744 709 1909 765 terra

637 804 734 867 vel
782 810 931 867 rate.
954 801 1231 888 dignatas
1274 803 1372 867 vel
1418 801 1578 887 pede
1621 802 1829 867 nostra*
1875 801 2064 887 sequi.

545 906 701 983 Sint,
732 925 967 991 precor,
1002 906 1151 971 haec
1179 907 1395 971 saltem
1427 904 1631 970 faciles
1662 905 1852 970 mihi:
1885 924 2153 991 namque
2183 904 2446 972 deorum

630 1017 835 1074 cetera.
874 1027 1014 1074 cum
1059 1027 1280 1094 magno
1325 1006 1581 1074 Caesare
1626 1007 1805 1074 turba
1851 1008 2010 1085 facit,

547 1130 770 1195 meque
813 1119 901 1175 tot
944 1109 1217 1176 adversis
1258 1112 1596 1186 cumulant,
1626 1119 1773 1195 quot
1815 1110 1960 1176 litus
2006 1110 2285 1187 harenas,
2444 1112 2532 1176 55

627 1221 896 1297 quotque
939 1211 1164 1278 fretum
1209 1212 1423 1297 pisceS,
1469 1232 1706 1298 ovaque
1749 1212 1931 1297 piscis
1978 1212 2177 1278 habet.

540 1313 699 1380 Vere
740 1315 915 1400 prius
959 1314 1163 1390 flores,
1208 1324 1376 1380 aestu
1425 1313 1780 1380 numerabis
1825 1315 2059 1392 aristas,

628 1436 811 1503 poma
854 1437 967 1502 per
1010 1426 1396 1494 autumnum,
1445 1416 1894 1502 frigoribusque
1937 1416 2131 1494 niveS,

543 1539 730 1605 quam
772 1521 954 1597 mala,
1001 1539 1157 1605 quae
1201 1528 1325 1584 toto
1369 1519 1572 1604 patior
1614 1518 1866 1584 iactatus
1910 1519 1975 1583 in
2020 1519 2187 1597 orbe,

633 1621 782 1687 dum
828 1622 1022 1687 miser.
1060 1621 1278 1687 Euxini
1325 1622 1506 1687 litora
1551 1623 1725 1687 laeva
1767 1631 1926 1706 peto.
2442 1624 2534 1689 60

543 1721 663 1789 Ν33
705 1733 929 1801 tamen,
975 1735 1043 1790 ut
1089 1724 1252 1800 veni,
1300 1723 1496 1788 levior
1540 1723 1785 1789 fortuna
1829 1725 2135 1789 malorum
2178 1734 2297 1789 est:

630 1827 750 1893 huc
792 1847 1034 1913 quoque
1076 1837 1220 1893 sunt
1263 1836 1502 1891 nostras
1550 1825 1668 1891 fata
1711 1836 1913 1892 secuta
1958 1827 2106 1891 vias,

545 1928 651 1994 Hic
694 1949 936 2015 quoque
979 1948 1267 2015 cognosco
1312 1928 1532 1993 natalis
1576 1928 1839 1993 stamina
1883 1928 2096 2005 nostri,

631 2032 892 2097 stamina
935 2032 1013 2097 de
1058 2033 1233 2118 nigro
1278 2033 1510 2098 vellere
1553 2031 1705 2097 facta
1750 2031 1924 2097 mihi.

547 2133 742 2220 thue
788 2155 899 2200 nec
941 2134 1193 2200 insidias
1238 2134 1573 2220 capitisque
1616 2133 1887 2220 pericula
1932 2153 2199 2212 narrem,
2440 2136 2529 2200 65

635 2259 781 2304 vera
825 2238 1097 2323 quidem,
1143 2237 1274 2304 veri
1319 2237 1425 2302 sed
1468 2238 1752 2324 graviora
1798 2238 1947 2303 fide:

483 2419 550 2461 47.
576 2415 833 2471 Lethes,
877 2417 1024 2463 fiume
1054 2417 1311 2472 infernale,
1338 2417 1385 2462 13
1415 2418 1493 2463 eui
1516 2430 1675 2472 acque
1694 2417 2002 2463 indueevano
2021 2417 2187 2462 l’oblio
2208 2417 2287 2462 del
2307 2421 2534 2472 passato.

485 2489 553 2532 50.
580 2488 914 2533 sollicitae
941 2488 1187 2533 concorda
1216 2501 1308 2533 303
1328 2488 1508 2543 fugae.
1533 2512 1587 2520 —-
1614 2487 1887 2533 Helicon
1899 2502 1944 2542 3,
1977 2492 2140 2533 monte
2170 2488 2302 2533 della
2328 2488 2536 2543 Beozia,

375 2557 496 2603 sede
526 2557 654 2603 delle
682 2558 839 2614 Muse‚
874 2558 963 2603 che
1011 2572 1121 2603 esse
1163 2558 1597 2614 abbandonam-ono,
1637 2572 1729 2613 per
1774 2571 2166 2613 accompagnare
2207 2558 2243 2602 il
2283 2562 2435 2613 poeta
2475 2559 2534 2605 13

377 2628 569 2674 'rx-acia.
2173 2652 2178 2657 ·

484 2700 553 2742 51.
580 2697 757 2743 Costr.:
786 2702 834 2743 et
863 2699 1111 2753 dionatas
1139 2700 1298 2753 sequi,
1324 2699 1404 2743 vel
1431 2702 1549 2743 rate
1575 2698 1655 2743 vel
1675 2699 1827 2753 pede,
1851 2698 2070 2753 vestiyia
2096 2702 2296 2754 nostra,
2316 2701 2537 2754 partim

369 2769 562 2825 polayo
585 2770 794 2824 partim
820 2772 982 2814 terra.

364 2855 371 2862 ·
481 2840 550 2883 53.
578 2840 760 2893 haec,
800 2839 879 2883 301
909 2839 981 2893 G„
997 2838 1051 2883 L.
1079 2851 1106 2884 e
1127 2838 1194 2892 Ρ..
1220 2852 1314 2892 per
1339 2840 1442 2884 hae
1470 2839 1549 2883 del
1577 2839 1689 2885 Vat.
1710 2853 1737 2883 e
1758 2839 1887 2883 delle
1919 2842 2016 2884 331.
2036 2838 2158 2884 ediz-
2186 2862 2237 2872 -
2259 2841 2538 2895 faciles,

379 2921 405 2952 <
433 2909 721 2963 1330133011,
748 2908 1165 2963 303ᾱ13333ἀ3311,
1193 2908 1366 2962 larghe
1396 2909 1580 2955 d'aiuto
1608 2920 1647 2954 ›.

484 2982 549 3024 54.
575 2980 743 3034 facit
784 2992 921 3024 eum
968 2977 1263 3033 Caesare,
1303 2991 1327 3022 <
1356 2983 1434 3023 sta
1476 2992 1569 3024 con
1597 2979 1778 3025 Cesar-e
1809 2990 1846 3034 >‚
1876 2979 1902 3024 ὸ
1932 2979 2185 3025 anoh’essa
2217 2980 2345 3025 irata
2373 2994 2535 3029 13330.
2793 3010 2794 3044 ¹

484 3053 552 3096 57.
582 3054 782 3104 aestu,
809 3062 835 3094 ‹
862 3050 944 3095 331
973 3050 1132 3095 301130
1162 3049 1438 3095 dell'estate
1469 3061 1507 3094 >.
2793 3057 2794 3102 ι

483 3123 551 3166 58.
574 3120 969 3176 frigoribus,
999 3133 1022 3164 ‹
1052 3120 1261 3165 durante
1290 3121 1306 3164 i
1335 3120 1495 3165 freddi
1525 3121 1766 3166 invernali
1795 3132 1833 3166 ›.

484 3193 553 3237 60.
583 3192 785 3236 litora
833 3192 1040 3247 laeva,
1069 3191 1269 3237 dov’era
1293 3195 1443 3246 posta
1470 3191 1624 3245 Tomi,
1650 3191 1768 3237 sede
1797 3191 1877 3236 del
1907 3204 1996 3237 suo
2025 3191 2181 3237 esilio.

483 3264 551 3306 61.
577 3265 647 3307 ut
691 3262 846 3317 veni,
875 3275 899 3306 <
929 3261 1114 3307 (1333113
1144 3275 1263 3307 sono
1284 3262 1502 3308 arrivato
1522 3273 1546 3304 ›
1566 3262 1700 3306 nella
1718 3262 1956 3307 Scizia.—-
1979 3263 2269 3318 fortuna,
2296 3264 2373 3308 ‹il
2390 3277 2536 3319 peso,

358 3330 413 3374 ·i1
445 3331 609 3376 earieo
638 3341 676 3375 ›.

484 3404 551 3447 62.
573 3402 739 3457 sata,
769 3415 794 3446 ‹
823 3403 869 3446 le
901 3406 1133 3448 sventure
1162 3413 1202 3447 ›.
1999 3433 2004 3438 -

483 3474 551 3517 63.
578 3473 680 3516 hie
727 3485 997 3527 quoque:
1024 3472 1110 3526 qui
1138 3486 1262 3527 pure
1291 3472 1546 3518 riconoseo
1576 3472 1622 3517 le
1652 3472 1868 3517 luttuose
1905 3472 1990 3517 fila
2028 3472 2106 3518 del
2139 3473 2280 3518 31331·
2298 3473 2411 3528 mio,
2437 3473 2536 3520 3113

373 3544 421 3589 13
450 3542 640 3588 Parehe
668 3555 894 3596 vengono
922 3542 1106 3589 filando
1135 3543 1202 3587 fin
1231 3543 1365 3588 dalla
1393 3543 1494 3588 1313
1512 3543 1729 3598 3333113;
1749 3542 1836 3597 qui
1854 3556 1979 3597 pure
2001 3547 2139 3588 sento
2160 3543 2250 3588 3113
2270 3544 2318 3589 10
2346 3546 2532 3599 naoqui

378 3616 685 3659 sventurato.

481 3686 550 3728 64.
578 3685 785 3738 nigro,
817 3696 955 3728 come
983 3683 1270 3738 predizione
1301 3683 1351 3728 di
1380 3687 1633 3729 eventura.

483 3756 550 3799 65.
578 3757 774 3809 utque
819 3766 943 3808 nec,
972 3766 995 3797 ‹
1025 3767 1173 3798 senza
1202 3753 1290 3798 ohe
1322 3764 1364 3799 >.

479 3826 548 3868 66.
573 3836 727 3869 vera
772 3825 1041 3879 quidem,
1083 3837 1108 3868 ‹
1145 3824 1250 3868 veri
1288 3823 1431 3869 bensi
1474 3834 1512 3878 ›‚
1557 3837 1638 3868 ma
1679 3827 1860 3878 troppo
1905 3824 2047 3878 gravi
2087 3838 2179 3879 per
2204 3829 2350 3879 poter
2390 3838 2533 3871 esser

374 3891 570 3936 creduti
596 3894 717 3939 veri.
