2840 4464
1142 302 1329 344 mmm
1367 304 1407 358 1,
1441 289 1491 343 4.
2310 288 2379 342 29

408 404 639 483 Navita,
684 407 989 473 confessus
1029 406 1299 494 gelidum
1342 410 1578 495 pallore
1620 407 1924 485 timorem,

495 507 619 573 iam
662 509 1191 594 sequitur·victus,
1235 530 1359 575 non
1404 511 1559 597 regit
1602 520 1734 576 arte
1779 520 1995 578 ratem.

412 609 607 695 thue
649 632 870 697 parum
913 611 1152 678 validus
1196 632 1320 677 non
1365 612 1746 698 proficientia
1796 622 1991 678 rector

494 713 744 778 cervicis
787 713 1017 800 rigidae
1060 713 1233 780 frena
1278 714 1535 780 remittit
1575 734 1751 800 equ0,

370 813 492 878 'sic
535 834 659 879 non
703 835 823 901 quo
868 816 1079 893 voluit,
1124 816 1230 881 sed
1274 836 1395 901 quo
1441 816 1602 902 rapit
1647 816 1912 902 impetus
1956 815 2178 892 undae,
2301 817 2374 880 15

493 917 768 1005 aurigam
812 917 989 984 video
1033 920 1168 985 vela
1214 918 1454 984 dedisse
1500 919 1634 988 rati.

412 1017 585 1101 Quod
630 1021 747 1085 nisi
792 1031 1053 1088 mutatas
1097 1021 1368 1087 emiserit
1411 1022 1629 1087 Aeolus
1673 1042 1874 1097 auraS‚

498 1123 561 1187 in
609 1125 735 1189 loca
780 1125 903 1188 iam
949 1124 1125 1189 nobis
1170 1144 1293 1190 non
1339 1124 1619 1190 adeunda
1664 1123 1846 1190 ferar.

410 1223 579 1302 Nam,
624 1227 833 1311 procul
878 1225 1101 1311 Illyriis
1144 1229 1315 1291 laeva
1360 1226 1437 1292 de
1480 1237 1655 1311 parte
1702 1226 1942 1302 relictiS,

493 1326 813 1392 interdicta
856 1328 1012 1392 mihi
1057 1328 1329 1394 cernitur
1371 1327 1561 1397 ltalia.
2294 1327 2377 1391 20

407 1428 665 1495 Desinat
707 1430 771 1494 in
816 1430 1056 1508 vetitaS,
1104 1451 1345 1515 quaese,
1390 1429 1758 1496 contendere
1800 1439 2015 1506 terras,

492 1542 552 1597 et
594 1552 835 1598 mecum
879 1552 1099 1619 magno
1141 1543 1352 1619 pareat
1396 1553 1544 1598 aura
1589 1532 1723 1598 deo.

406 1634 568 1701 Dum
612 1638 848 1721 loquor,
893 1646 953 1701 et
996 1637 1173 1722 cupio
1216 1636 1449 1722 pariter
1491 1635 1801 1721 timeoque
1848 1635 2085 1721 repelli,

490 1739 795 1825 increpuit
824 1739 1069 1824 quantis
1112 1738 1346 1821 viribus
1390 1738 1553 1804 unda
1599 1737 1795 1804 latus!

407 1839 636 1907 Parcite
678 1842 960 1919 caerulei,
1006 1862 1114 1907 vos
1155 1842 1401 1928 parcite,
1450 1840 1706 1907 numina
1748 1839 1938 1926 ponti,
2207 1893 2211 1895 Α
2290 1840 2371 1904 25

492 1943 905 2030 infestumque
946 1945 1103 2011 mihi
1150 1944 1228 2009 sit
1267 1944 1409 2009 satis
1454 1942 1850 2030 essejovem.

409 2044 528 2110 Vos
569 2046 841 2112 animam
886 2067 1101 2113 saevae
1143 2047 1362 2112 fessam
1405 2046 1720 2115 subducite
1764 2045 1967 2122 morti,

492 2148 539 2213 si
586 2149 785 2226 modo,
831 2150 934 2236 qui
979 2149 1182 2236 periit,
1229 2168 1355 2214 non
1398 2149 1654 2235 periisse
1700 2158 1916 2236 potest.

316 2425 381 2468 11.
410 2422 771 2478 confessus:
808 2423 934 2468 trad.
960 2423 1038 2468 eol
1067 2436 1171 2476 ger.
1200 2437 1332 2477 pres.

314 2494 380 2537 12.
418 2493 643 2546 victus,
683 2506 706 2537 ‹
750 2494 1040 2548 sopraffatto
1072 2493 1388 2548 dall‘impeto
1423 2493 1553 2540 della
1590 2497 1840 2548 tempesta
1873 2505 1900 2538 6
1936 2492 2205 2545 impotente
2227 2505 2257 2536 a
2289 2492 2375 2536 do-

234 2563 394 2607 marla
425 2574 464 2607 ›.
491 2586 544 2594 —
577 2564 886 2619 sequi-tur,
919 2577 943 2609 ‹
971 2564 1013 2610 si
1042 2565 1198 2610 lascia
1223 2568 1530 2619 transportare
1560 2575 1599 2609 ›.

314 2634 379 2677 18.
414 2646 653 2687 parum
692 2635 976 2690 validus,
1021 2634 1186 2679 attrib.
1214 2634 1263 2679 di
1302 2639 1490 2691 rector,
1533 2648 1671 2688 segg.
1701 2635 1782 2679 del
1816 2633 1977 2688 primo
2007 2633 2212 2679 termine
2242 2633 2373 2678 della

229 2704 626 2758 comparazione.
652 2729 704 2737 —
730 2718 853 2752 non
886 2707 1345 2761 proficientia,
1380 2706 1546 2751 attrib.
1574 2705 1623 2750 di
1651 2707 1830 2761 frena,
1857 2717 1881 2749 ‹
1908 2704 2071 2751 inutili
2100 2715 2140 2747 ›.

315 2777 677 2821 14..cerviei8
719 2778 972 2831 riyidae
1009 2776 1036 2821 ὁ
1065 2776 1324 2831 complem.
1350 2776 1640 2822 attributivo
1670 2776 1721 2821 di
1752 2789 1894 2831 equo.

310 2848 376 2891 15.
405 2846 560 2893 Costr.
587 2849 662 2892 eie
689 2847 835 2892 video
863 2848 1113 2902 auriyam
1143 2847 1190 2892 d.
1216 2860 1261 2893 v.
1287 2860 1330 2893 r.
1359 2859 1467 2893 non
1494 2860 1594 2902 quo
1621 2861 1663 2893 v.
1692 2847 1786 2892 sed
1814 2850 1905 2892 etc.

314 2919 379 2962 17.
407 2923 711 2973 mutatas,
749 2932 772 2962 ‹
801 2918 1046 2968 contrarie
1075 2929 1115 2963 ›.

312 2990 377 3032 18.
405 3001 530 3033 non
570 2990 883 3044 adeunda,
918 3002 942 3034 ‹
971 2988 1097 3035 dove
1123 3002 1221 3034 non
1249 3002 1481 3035 eravamo
1510 2989 1677 3033 diretti
1704 3000 1744 3034 ›.

310 3061 375 3103 19.
403 3058 440 3103 I
444 3059 464 3103 l
476 3060 693 3114 tyriis:
730 3061 939 3106 lasciata
958 3074 989 3105 a
1007 3073 1183 3105 manca
1214 3059 1420 3114 l’llliria,
1439 3059 1529 3105 che
1550 3058 1591 3105 si
1612 3062 1756 3106 trova
1777 3056 1843 3104 ad
1860 3059 2049 3104 oriente
2081 3059 2376 3105 dell’Adria-

223 3128 345 3183 tice,
362 3129 413 3173 la
431 3130 586 3175 barca
613 3129 641 3175 ὸ
671 3130 937 3184 risospinta
973 3130 1184 3176 indietro
1212 3143 1356 3175 verso
1384 3130 1590 3186 l’ltalia;
1617 3144 1699 3175 ma
1731 3142 1889 3176 aveva
1922 3142 2114 3184 sempre
2143 3130 2193 3175 la
2219 3144 2370 3184 prora

224 3197 279 3242 in
308 3198 559 3246 direzione
589 3201 853 3254 dell’Egeo.

307 3272 376 3315 22.
406 3284 584 3325 aura,
615 3286 638 3317 ‹
669 3273 684 3316 i
712 3272 844 3318 venti
875 3283 925 3328 ›;
958 3285 1149 3328 manno
1180 3272 1303 3327 Deo,
1331 3272 1440 3317 cioe
1469 3271 1533 3317 ad
1561 3271 1787 3325 Augusto
1831 3271 1921 3317 che
1951 3285 2108 3317 aveva
2139 3272 2367 3318 sbandito

227 3336 266 3383 il
294 3345 448 3396 poeta
475 3342 754 3387 dall’ltalia.

308 3414 376 3457 23.
404 3413 664 3468 repelli,
703 3414 780 3459 coi
808 3413 962 3465 codd„
982 3426 1006 3458 ‹
1025 3414 1237 3459 d'essere
1266 3413 1528 3468 scoceium,
1561 3413 1863 3459 allontanato
1884 3425 1908 3456 ›
1938 3414 2019 3459 dal
2049 3413 2149 3459 lido
2177 3414 2375 3464 italico:

222 3483 308 3528 nel
341 3484 512 3529 codice
541 3484 592 3529 di
618 3484 775 3530 Tours
805 3485 846 3530 si
874 3485 1019 3539 legge
1047 3486 1242 3532 revelli.

308 3558 376 3601 25.
404 3557 696 3601 caerulei
728 3555 974 3602 concorda
1001 3569 1093 3602 con
1114 3558 1284 3612 ponti.

305 3628 373 3672 26.
401 3627 744 3683 infestum,
770 3627 908 3681 pred.
935 3626 985 3672 di
1014 3626 1186 3673 Iovem
1216 3628 1367 3680 (ossio.
1394 3627 1728 3682 Anaustum).

309 3699 377 3741 28.
405 3699 463 3742 ei
499 3698 692 3753 modo,
729 3710 753 3742 ‹
784 3712 836 3743 se
863 3711 988 3752 pure
1018 3708 1056 3742 ›.
