2840 4464
1291 221 1396 262 'rRI
1403 221 1589 262 STIUM

723 328 822 394 hic
863 329 1185 407 librorum,
1229 349 1344 414 per
1388 349 1539 414 quos
1582 329 1813 395 inviter
1856 331 2127 415 alatque,

685 433 835 518 ›pia3
882 451 995 517 pro
1026 431 1201 496 libris
1246 451 1420 497 arcus
1465 440 1527 495 et
1570 451 1741 496 arma
1785 442 2034 497 sonant:

685 557 754 602 us
798 535 864 599 in
911 535 1024 599 hac
1066 544 1249 611 terra,
1299 533 1547 599 recitem
1592 533 1641 597 si
1688 534 1981 612 carmina,
2027 534 2197 600 cuius

685 636 1028 705 itellecturis
1072 636 1324 702 auribus
1368 645 1525 711 utar,
1574 634 1760 701 adest.
2435 635 2540 701 [20

685 792 696 818 ‚
743 760 863 825 quo
908 737 1202 815 secedam,
1248 739 1413 803 locus
1459 746 1576 815 est;
1624 737 1892 803 custodia
1936 738 2100 804 muri
2473 761 2482 765 ·

685 841 974 908 immovet
1019 840 1266 905 infestos
1309 840 1633 925 clausaque
1677 849 1853 925 porta
1898 839 2095 905 Getas.

685 965 740 1010 >e
784 942 1029 1028 aliquod
1075 962 1302 1027 quaero
1347 942 1608 1008 verbum
1654 962 2005 1027 nomenque
2049 944 2393 1027 locumque,

685 1067 741 1113 ec
783 1047 1107 1132 quisquam
1151 1054 1259 1122 est,
1307 1066 1341 1110 a
1387 1065 1508 1130 quo
1551 1045 1775 1111 certior
1817 1065 1947 1111 esse
1992 1065 2230 1130 queam.

689 1170 754 1214 re
799 1168 979 1233 saepe
1023 1147 1255 1233 aliquid
1300 1147 1542 1212 conanti
1588 1185 1673 1193 —
1717 1158 1900 1234 turpe
1946 1147 2120 1213 fateri
2168 1185 2251 1194 —
2437 1146 2533 1211 45

685 1253 812 1318 trba
857 1251 1010 1316 mihi
1059 1251 1297 1328 desunt,
1344 1249 1731 1336 dedidicique
1776 1251 1962 1336 loqui.

685 1353 820 1420 eicio
865 1353 1263 1440 Scythicoque
1309 1353 1436 1418 fere
1481 1352 1892 1441 cii-cumsiinor
1936 1373 2060 1429 ore,

685 1480 691 1519 ;
734 1456 947 1522 videor
990 1455 1211 1521 'Geticis
1257 1455 1522 1521 scribere
1565 1475 1740 1540 posse
1784 1455 2001 1520 modis,

685 1560 738 1625 le
782 1558 960 1634 mihi,
1006 1559 1212 1636 time0,
1261 1579 1339 1623 ne
1384 1558 1507 1622 sint
1551 1558 1830 1623 immixta
1875 1557 2101 1622 Latinis

685 1683 814 1747 ique
857 1661 1011 1727 meis
1056 1660 1294 1746 scriptis
1341 1659 1583 1725 Pontica
1629 1660 1817 1726 verba
1862 1663 2041 1744 legas.
2440 1660 2532 1724 50

685 1767 1063 1849 lemcumque
1106 1763 1291 1848 igitur
1335 1763 1516 1827 venia
1561 1762 1815 1848 dignare
1860 1762 2159 1838 libellum,

685 1868 803 1932 »rtis
847 1876 908 1932 et
950 1885 1166 1931 excusa
1212 1864 1565 1930 condicione
1609 1884 1799 1930 meae.

688 2124 836 2178 iter,
864 2122 997 2168 ossia
1024 2123 1227 2175 inciter,
1255 2123 1514 2167 accendar
1544 2123 1615 2166 ad
1640 2123 1991 2167 scribendum.

693 2206 766 2239 us
814 2197 870 2238 et
916 2205 1122 2247 arma,
1150 2205 1240 2247 per
1269 2193 1318 2238 la
1346 2191 1551 2247 propria
1580 2192 1752 2238 difesa.

686 2265 868 2308 item:
896 2277 982 2308 era
1008 2277 1098 2309 uso
1128 2276 1301 2318 presso
1344 2263 1361 2308 i
1403 2263 1611 2309 Romani
1653 2264 1742 2309 che
1785 2264 1802 2308 i
1843 2264 1981 2318 poeti
2008 2264 2294 2318 leggessero
2323 2264 2373 2309 ai
2412 2264 2529 2311 loro

685 2335 744 2379 mi
774 2334 822 2379 di
853 2337 1049 2379 recente
1079 2334 1336 2388 composti,
1365 2348 1458 2389 per
1496 2335 1710 2379 sentirne
1742 2335 1776 2379 il
1805 2335 2036 2388 giudizio.

685 2406 1040 2459 ellecturis,
1067 2417 1091 2448 <
1121 2405 1433 2459 intelligenti,
1463 2405 1637 2459 capaci
1666 2405 1969 2450 d’intendere
1997 2416 2036 2450 ›.

685 2490 711 2531 ι,
740 2477 817 2520 col
839 2475 896 2520 Ge.
916 2489 941 2519 e
961 2476 1032 2529 V.‚
1050 2489 1142 2530 per
1168 2489 1261 2521 nec
1289 2476 1424 2529 degli
1453 2476 1568 2520 altri
1595 2476 1735 2521 codd.
1761 2498 1812 2507 —
1842 2477 2145 2530 secedam,
2173 2488 2197 2519 <
2224 2476 2287 2519 ne
2306 2475 2372 2521 ho
2392 2475 2530 2522 dove

709 2560 736 2591 e
765 2546 1104 2599 raccogliermi
1133 2560 1224 2601 per
1257 2547 1407 2591 imiei
1437 2546 1620 2601 poetici
1650 2546 1799 2591 studii
1824 2558 1863 2601 >‚
1888 2546 2070 2601 perche
2099 2548 2148 2591 la
2176 2546 2297 2591 eitta
2329 2546 2357 2591 ὸ
2390 2551 2530 2593 tutta.

685 2632 762 2662 lsa
792 2620 961 2662 contro
991 2617 1092 2670 agli
1121 2617 1295 2662 assalti
1323 2617 1401 2661 dei
1437 2617 1565 2662 Geti.

685 2689 788 2742 clia,
816 2700 842 2732 ‹
868 2688 1000 2732 versi
1029 2698 1067 2742 ›‚
1095 2701 1232 2733 come
1261 2687 1369 2733 fece
1397 2686 1486 2742 piu
1514 2687 1657 2732 tardi.

685 2762 810 2813 tur,
841 2758 917 2803 col
952 2758 1022 2812 G„
1041 2758 1092 2803 P.
1113 2772 1139 2803 e
1168 2759 1240 2813 V.‚
1271 2771 1363 2812 per
1397 2759 1539 2813 leuas
1569 2758 1659 2802 che
1687 2757 1737 2802 vi
1757 2758 2074 2805 sostituirono
2107 2758 2153 2802 le
2182 2757 2379 2803 antiche
2414 2758 2527 2804 edi-

685 2843 719 2875 s.
749 2829 797 2873 di
827 2828 987 2875 codici
1016 2842 1158 2874 meno
1187 2829 1458 2883 pregevoli.
