2840 4464
1171 263 1356 304 Lmen
1397 261 1451 316 v,
1491 247 1569 302 13.

1288 687 1433 752 XIII.

459 946 622 1011 Hanc
664 955 804 1012 tuus
849 931 883 1011 e
927 944 1130 1011 Getico
1175 944 1363 1010 mittit
1405 944 1515 1011 tibi
1561 944 1715 1011 Naso
1760 946 1867 1010 sah

541 1048 785 1114 mittere
828 1047 878 1114 si
925 1047 1267 1133 quisquam,
1314 1068 1436 1133 quo
1480 1057 1643 1113 caret
1687 1047 1836 1132 ipse,

460 1150 649 1237 Aeger
692 1150 860 1216 enim
904 1150 1062 1215 traxi
1107 1151 1378 1236 contagia
1424 1169 1676 1235 corpore
1720 1167 1864 1214 men

542 1253 737 1318 libera
782 1261 1086 1318 tormento
1130 1272 1272 1338 pars
1316 1251 1473 1317 mihi
1520 1272 1600 1317 ne
1644 1257 1769 1336 qu&
1811 1272 1867 1314 v:

456 1375 689 1440 perque
733 1354 863 1420 dies
906 1356 1131 1420 multos
1175 1355 1383 1420 lateris
1428 1353 1790 1420 cruciatibus
1834 1374 1867 1419 u

543 1466 612 1522 ut
656 1477 813 1542 quae
856 1475 980 1522 non
1025 1455 1260 1522 modico
1306 1455 1529 1543 frigore
1573 1455 1746 1520 laesit
1793 1454 1867 1519 hi«

458 1558 517 1623 Si
564 1543 772 1624 temen
819 1558 949 1644 ipse
992 1559 1176 1635 valeS‚
1225 1558 1429 1642 aliqua
1474 1578 1586 1623 nos
1628 1567 1804 1643 parte
1848 1578 1867 1621 i

544 1661 773 1746 quippe
817 1680 954 1725 mea
998 1669 1089 1725 est
1130 1660 1362 1725 umeris
1407 1659 1566 1725 fult&
1611 1659 1789 1725 ruina
1833 1668 1867 1722 t]

460 1762 596 1846 Qui,
642 1762 798 1827 mihi
843 1782 982 1828 cum
1025 1761 1268 1827 dederis
1311 1761 1585 1849 ingentia
1630 1761 1867 1847 pignora

546 1887 659 1952 per
702 1887 992 1933 numeros
1035 1886 1249 1932 omnes
1295 1867 1409 1932 hoc
1454 1876 1662 1932 tueare
1706 1882 1867 1950 capul

459 1968 621 2053 quod
668 1978 768 2034 tua
811 1988 912 2034 me
957 1989 1094 2035 raro
1139 1970 1370 2034 solatur
1414 1969 1694 2054 epistula,
1739 1987 1867 2053 pec(

546 2090 799 2157 remque
842 2070 1008 2156 piam
1051 2080 1342 2157 praestaS,
1389 2069 1494 2136 sed
1530 2069 1685 2134 mihi
1732 2069 1867 2134 verl

464 2172 600 2253 Hoc,
644 2194 879 2260 precor,
924 2173 1210 2240 emenda:
1257 2173 1420 2260 quod
1464 2173 1511 2238 si
1560 2171 1863 2239 correxeri

550 2278 756 2342 nullus
801 2276 867 2341 in
911 2276 1149 2363 egregio
1193 2296 1446 2362 corpore
1491 2296 1722 2342 naevus
1767 2276 1867 2341 eri1

466 2378 748 2445 Pluribus
791 2399 1084 2457 accusem,
1131 2378 1267 2444 fieri
1314 2378 1433 2443 nisi
1477 2378 1685 2464 possit,
1731 2387 1801 2444 ut
1844 2399 1867 2442 ε

544 2482 746 2547 littera
790 2501 915 2547 non
960 2481 1187 2558 veniat,
1232 2481 1417 2547 missa
1461 2481 1538 2546 sit
1583 2479 1689 2545 illa
1734 2490 1867 2544 tam·

460 2582 535 2648 Di
580 2583 818 2662 faciant,
865 2594 932 2650 ut
976 2584 1052 2649 sit
1095 2584 1423 2650 temeraria
1467 2593 1674 2648 nostra
1718 2602 1867 2668 quer

547 2696 726 2771 teque
770 2695 982 2772 putem
1028 2685 1176 2752 falso
1222 2706 1345 2751 non
1377 2685 1733 2750 meminisse
1778 2704 1867 2749 me

376 2977 605 3030 Elegia
633 2977 828 3031 xnI,
857 2977 991 3023 nella
1019 2977 1167 3031 quale
1196 2976 1231 3021 il
1259 2980 1411 3031 poeta
1440 2976 1617 3021 invoca
1644 2976 1820 3020 lettere
1851 2974 1867 3018 ε’

431 3051 467 3092 1.
501 3046 718 3093 Getico
760 3046 786 3092 ὸ
814 3051 959 3093 usato
989 3046 1053 3092 da
1081 3045 1271 3101 Ovidio,
1300 3047 1400 3091 alla
1439 3047 1661 3091 maniera
1698 3045 1748 3089 di
1790 3045 1867 3089 Nc

291 3119 595 3164 salutem:
623 3116 650 3162 ὸ
679 3117 764 3171 qui
791 3116 872 3161 nel
903 3116 1100 3170 duplice
1127 3117 1297 3162 valore
1327 3116 1376 3160 di
1406 3128 1431 3160 ‹
1461 3117 1622 3161 saluto
1650 3127 1674 3158 >
1705 3129 1731 3159 e
1762 3127 1786 3159 ‹
1813 3114 1867 3159 bt

429 3190 470 3232 2.
498 3201 633 3243 quo,
662 3186 797 3233 ossio.
823 3188 965 3232 illud
992 3200 1106 3242 quo.

429 3260 468 3302 3.
497 3258 672 3303 Costr.:
703 3270 855 3313 aecer
881 3271 950 3302 m.
977 3258 1124 3302 traxi
1151 3257 1396 3312 contaqia
1424 3255 1549 3307 (eioe
1577 3256 1837 3306 morbum)
1865 3279 1867 3292 ·

429 3330 470 3372 4.
496 3328 676 3381 mihi,
705 3326 839 3373 οεεία
866 3341 998 3373 mea.
1587 3345 1592 3350 ·

430 3400 471 3443 5.
499 3398 760 3452 lateris,
788 3411 812 3443 ‹
843 3397 922 3443 dei
950 3398 1169 3452 polmoni
1199 3410 1227 3442 o
1258 3396 1338 3442 dei
1365 3396 1572 3442 bronehi
1600 3406 1639 3442 ›.

429 3470 468 3512 6.
495 3471 562 3513 ut
604 3481 763 3523 quae
801 3481 853 3514 n.
880 3482 967 3523 m„
1005 3481 1098 3522 per
1125 3468 1217 3512 sed
1245 3468 1383 3523 quod
1410 3468 1469 3511 in
1495 3466 1787 3521 immodico,
1816 3465 1867 3510 ch

296 3537 527 3591 migliori.

428 3609 468 3652 8.
494 3608 715 3658 ruina,
745 3621 770 3653 ‹
800 3607 1050 3662 disgrazia
1079 3619 1118 3653 ›.

403 3681 608 3735 lupar
647 3692 947 3725 numeros
989 3692 1224 3733 omnes,
1267 3691 1291 3723 ‹
1320 3691 1412 3724 eon
1441 3677 1556 3723 tutti
1586 3678 1602 3722 i
1631 3676 1782 3723 mezzi
1812 3688 1851 3721 ›.

404 3751 468 3794 12.
495 3763 625 3795 rem
653 3751 864 3805 piam:
904 3750 969 3794 mi
997 3750 1074 3794 usi
1105 3749 1507 3803 religiosamente
1536 3749 1651 3802 ogni
1681 3761 1814 3793 eura.
1842 3771 1867 3778 -

293 3819 455 3874 gliori,
481 3832 572 3874 per
600 3824 648 3865 et
676 3820 766 3865 eho
794 3820 838 3865 si
866 3820 1013 3874 legge
1044 3820 1249 3864 altrove.

405 3890 469 3934 14.
495 3903 762 3944 naevus,
791 3903 814 3933 ‹
844 3890 1084 3944 maechia,
1111 3889 1289 3935 menda
1318 3899 1357 3934 ›.

404 3961 826 4016 15.pluribus‚
855 3960 959 4005 scil.
986 3961 1168 4005 verbis.
1196 3983 1249 3993 —-
1279 3973 1593 4014 accusem,
1622 3973 1645 4003 ‹
1676 3959 1712 4003 ti
1742 3971 1863 4004 aecu
