2840 4464
834 927 847 940 ⁶
914 823 1270 897 LIBER
1327 822 1872 916 QUARTUS

1261 999 1517 1008 ———

1368 1251 1410 1316 l.

491 1423 680 1509 Siqua
724 1424 878 1488 meis
922 1422 1169 1500 fuerint,
1215 1432 1284 1488 ut
1329 1432 1530 1499 erunt,
1578 1421 1793 1487 vitiosa
1838 1421 1915 1486 lib

578 1534 857 1591 excusata
901 1545 1008 1610 suo
1053 1534 1350 1609 tempore,
1395 1524 1601 1600 lector,
1651 1523 1827 1589 habe.

490 1617 670 1696 Eiisul
709 1648 899 1706 eram,
945 1627 1307 1713 requiesque
1350 1626 1529 1704 mihi,
1575 1646 1700 1691 non
1745 1625 1906 1691 fama

578 1750 754 1796 mens
797 1730 1034 1796 intenta
1077 1729 1202 1795 suis
1246 1748 1325 1795 ne
1367 1729 1524 1794 foret
1567 1749 1761 1814 usque
1806 1729 1915 1793 ma]

493 1833 614 1899 Hoc
656 1842 764 1910 est,
796 1853 905 1898 cur
946 1841 1147 1897 cantet
1175 1832 1414 1897 vinctus
1445 1850 1688 1916 quoque
1731 1850 1915 1916 comps

583 1935 828 2001 indocili
879 1952 1137 2001 numero
1181 1954 1319 2000 cum
1363 1954 1551 2021 grave
1594 1934 1796 1999 mollit
1839 1953 1915 2019 op

494 2037 714 2103 Cantat
756 2046 834 2114 et,
882 2037 1154 2103 innitens
1199 2037 1453 2103 limosae
1496 2056 1729 2122 pronus
1776 2036 1915 2102 hare

589 2128 846 2207 adverso
891 2139 1129 2204 tardam
1176 2139 1278 2225 qui
1326 2138 1519 2204 trahit
1562 2158 1745 2204 amne
1790 2148 1915 2204 rate

496 2244 728 2329 quique
772 2242 959 2310 refert
1001 2243 1235 2328 pariter
1271 2245 1470 2309 lentos
1510 2243 1586 2308 ad
1624 2252 1867 2329 pectora
1913 2265 1915 2269 ⁴

587 2346 654 2411 in
698 2365 1029 2411 numerum
1073 2347 1249 2431 pulsa
1294 2331 1564 2411 brachia*
1588 2354 1792 2411 versat
1836 2366 1915 2430 aq‘

434 2507 439 2510 Α
501 2448 714 2515 Fessus
757 2448 863 2515 uhi
910 2448 1185 2514 incubuit
1230 2448 1464 2525 haeum,
1512 2468 1735 2514 saxove
1781 2459 1913 2514 rese

585 2560 815 2636 pastor,
862 2550 1250 2617 harundineo
1294 2550 1569 2616 carmine
1611 2552 1836 2618 mulcet
1881 2572 1915 2615 o

415 2754 579 2798 LIB.
609 2753 722 2797 IV.
752 2752 980 2804 Elegia
1009 2752 1065 2796 1.
1095 2751 1419 2797 Invocazione
1450 2753 1551 2797 alla
1578 2752 1735 2796 Musa.

471 2828 508 2869 1.
527 2823 800 2879 suerint,
828 2835 852 2866 <
880 2822 1071 2867 fossero
1100 2833 1141 2864 >.
1171 2845 1223 2853 —
1251 2823 1508 2877 vitiosa,
1536 2835 1562 2867 ‹
1590 2822 1752 2867 difetti
1782 2833 1821 2867 >.

466 2897 507 2940 2.
534 2906 648 2938 eno
694 2896 859 2947 temp
872 2905 999 2945 ore,
1024 2891 1207 2945 perche
1237 2892 1406 2937 sex-itte
1438 2892 1515 2937 fra
1543 2894 1590 2937 le
1620 2892 1915 2937 tribolazion

466 2966 510 3008 3.
538 2976 734 3017 eram,
761 2961 959 3016 quando
989 2961 1171 3007 serissi.

469 3037 510 3078 4.
535 3045 752 3087 usque,
780 3044 806 3076 ‹
835 3045 1030 3086 sempr-e
1061 3043 1100 3074 ›.

472 3107 511 3149 5.
538 3105 650 3148 hoc
697 3106 820 3147 est:
846 3115 872 3147 ‹
901 3102 1088 3157 quest’e
1117 3103 1167 3147 la
1194 3102 1399 3157 ragione
1430 3114 1473 3153 ›‚
1500 3116 1593 3158 per
1620 3102 1700 3148 cui
1733 3106 1880 3148 canta
1908 3103 1915 3145 i

334 3174 551 3229 gastolo,
577 3176 765 3218 mentre
794 3186 945 3218 scava
973 3173 1023 3218 la
1050 3177 1199 3218 terra.

471 3247 512 3289 6.
538 3244 818 3298 indocili,
846 3256 872 3288 ‹
901 3256 1060 3299 rozza,
1088 3243 1271 3289 incolta
1300 3255 1338 3289 ›.
1366 3268 1419 3275 —
1447 3257 1725 3296 numero,
1754 3256 1778 3287 <
1808 3257 1912 3288 arm

473 3318 513 3360 7.
541 3317 766 3359 cantat
811 3318 894 3359 et:
920 3326 944 3357 <
973 3317 1120 3359 canta
1148 3314 1303 3359 anche
1342 3314 1473 3359 colui
1504 3325 1528 3355 ›
1558 3313 1648 3359 che
1678 3314 1915 3359 rimorohi

338 3386 456 3431 lido.
484 3408 536 3416 —
558 3396 833 3440 pronus:
859 3384 991 3429 colui
1020 3384 1108 3429 che
1128 3385 1332 3439 piegato
1352 3385 1480 3430 colle
1501 3384 1703 3429 bruccia
1722 3384 1851 3430 fuori
1871 3385 1915 3429 d«

338 3458 419 3503 sul
447 3456 579 3511 limo,
604 3469 698 3510 per
723 3455 898 3500 tii-arla
926 3469 957 3499 a
983 3455 1162 3501 riti-oso
1192 3455 1326 3500 della
1353 3459 1596 3501 currente.

449 3530 489 3572 9.
510 3527 788 3582 pariter,
813 3538 837 3569 <
866 3528 1445 3580 contemporaneamente
1475 3535 1513 3570 ›.
1541 3548 1593 3557 -
1623 3526 1856 3571 lentos:
1890 3539 1915 3580 p

339 3597 581 3643 difficolt&
607 3610 635 3641 e
663 3596 830 3650 faties,
858 3610 889 3640 a
916 3609 1068 3641 causa
1096 3596 1433 3641 dell'ostacolo
1461 3596 1552 3640 che
1581 3609 1778 3650 oppono
1807 3597 1915 3642 Pac<

452 3670 518 3712 10.
543 3668 611 3711 in
649 3678 1017 3712 nnmerum:
1044 3678 1068 3709 <
1096 3680 1239 3711 mena
1277 3666 1324 3711 le
1366 3665 1567 3711 bruccia
1606 3666 1844 3712 battendo
1888 3667 1915 3710 1¹

340 3737 452 3784 οἰοὸ
481 3750 573 3783 oon
599 3751 667 3781 un
695 3736 992 3782 movimento
1021 3735 1213 3781 ritmico
1244 3750 1270 3781 e
1300 3736 1586 3782 cadenzato.

453 3812 518 3853 11.
544 3808 677 3861 ubi,
701 3807 779 3853 col
808 3808 865 3853 G.
893 3821 920 3852 e
949 3808 1017 3862 P„
1046 3820 1138 3861 per
1163 3811 1223 3852 ut
1251 3807 1384 3860 degli
1413 3807 1529 3852 altri
1556 3807 1698 3852 codd.
1726 3821 1754 3852 e
1783 3806 1915 3852 dell'e

341 3878 484 3924 detto
510 3878 881 3933 propriamente
902 3879 1117 3933 pedum.
1505 3872 1519 3887 ⁸

454 3951 519 3995 12.
545 3949 970 4003 harundineo,
1001 3959 1027 3991 ‹
1056 3952 1446 4003 accompagnato
1476 3948 1552 3993 col
1582 3960 1736 3993 suono
1766 3946 1898 3992 della
