2840 4464
1168 227 1356 270 menn
1393 227 1481 280 111,
1514 212 1564 268 6.
2213 212 2218 216 ’
2343 213 2443 268 105

474 335 631 421 Spes
674 333 860 421 igitur
901 344 1197 420 superest,
1243 334 1566 412 facturum,
1612 343 1682 400 ut
1723 334 1960 399 molliat
2004 335 2135 421 ipse

562 437 779 503 mutati
822 456 1086 523 poenam
1129 436 1482 502 condicione
1525 436 1659 502 loci.

476 539 647 607 Hunc
691 540 930 606 utinam
972 538 1152 605 nitidi
1196 538 1355 604 Solis
1397 539 1804 624 praenuntius
1846 549 2049 606 ortum
2118 565 2125 573 ·
2366 541 2445 606 55

561 639 795 707 adterat
838 641 1102 707 admisso
1145 639 1387 707 Lucifer
1431 640 1606 708 albus
1649 644 1832 727 equo!

1327 952 1422 1019 VI.

479 1139 713 1207 Foedus
754 1140 1055 1206 amicitiae
1100 1159 1211 1206 nec
1254 1140 1366 1218 viS,
1412 1139 1744 1221 carissime,
1786 1152 2051 1220 nostrae,

564 1263 693 1321 nec,
739 1242 789 1308 si
833 1242 989 1308 forte
1032 1242 1205 1321 veliS,
1250 1242 1640 1309 dissimulare
1681 1254 1872 1330 potes,

478 1344 684 1411 Donec
726 1344 895 1411 enim
938 1344 1126 1423 licuit,
1173 1365 1285 1411 nec
1326 1355 1388 1411 te
1430 1345 1587 1411 mihi
1631 1346 1829 1412 carior
1872 1350 2045 1426 alter,

538 1467 676 1526 ‘nec
719 1446 831 1512 tibi
875 1466 976 1512 me
1020 1456 1143 1513 tota
1187 1446 1452 1513 iunctior
1495 1447 1649 1514 urbe
1693 1448 1827 1517 fuit.

477 1549 665 1643 Isque·
698 1558 830 1615 erat
871 1569 1064 1636 usque
1107 1549 1260 1615 adeo
1302 1551 1532 1635 populo
1576 1559 1846 1628 testatae,
1893 1562 1962 1618 ut
2006 1562 2163 1619 esset
2411 1553 2448 1618 5

563 1671 758 1737 paene
803 1652 993 1742 magis
1037 1671 1221 1737 quam
1266 1660 1350 1729 tu,
1398 1671 1583 1738 quam
1630 1673 1707 1718 ue
1750 1664 2103 1771 ⁶·qu
2147 1675 2345 1720 amor:

481 1754 710 1841 quique
752 1764 843 1820 est
884 1754 951 1818 in
996 1753 1150 1819 caris
1194 1753 1387 1818 animi
1433 1753 1544 1819 tibi
1585 1672 1816 1820 ἓέῖῖᾶἆί·
1860 1748 2089 1834 amiclb,
2245 1782 2254 1787 ·

564 1856 799 1943 cognita
844 1865 987 1923 sunt
1032 1855 1168 1942 ipsi,
1215 1876 1399 1943 quem
1445 1856 1609 1936 coliS,
1656 1856 1769 1923 ista
1814 1859 1966 1924 viro.

480 1959 573 2025 Nil
619 1959 702 2024 ita
745 1959 1001 2037 celabaS‚
1046 1967 1116 2025 ut
1160 1979 1284 2024 non
1330 1979 1441 2045 ego
1483 1960 1755 2026 conscius
1798 1981 2015 2041 essem,

560 2061 1027 2147 pectoribusque
1071 2061 1257 2127 dabas
1301 2065 1495 2129 multa
1540 2063 1797 2150 tegenda
1841 2065 2021 2130 meis:
2374 2067 2452 2130 10

477 2147 693 2253 cffique
735 2186 852 2253 ego·
890 2166 1239 2245 narrabam,
1284 2168 1498 2234 secreti
1543 2167 1833 2255 quicquid
1880 2168 2202 2248 habebam,

564 2279 812 2354 excepto
857 2268 1019 2354 quod
1063 2289 1164 2335 me
1206 2268 1496 2355 perdidit,
1541 2290 1703 2336 unus
1747 2291 1900 2336 eraS.

411 2520 479 2563 53.
499 2519 868 2573 facturum,
909 2530 1000 2562 con
1031 2517 1187 2563 ellissi
1215 2521 1396 2572 troppo
1426 2518 1552 2562 dura
1580 2516 1661 2562 del
1690 2531 1829 2572 sogg.
1857 2516 2069 2563 dell’inf.
2105 2531 2209 2568 me,
2243 2531 2266 2562 ‹
2296 2518 2345 2563 di
2376 2522 2453 2563 ot-

331 2603 395 2634 en
427 2601 481 2634 re
511 2600 551 2633 ›.

303 2595 325 2635 t
396 2602 480 2704 ΘΜ.
506 2660 747 2704 mutati
791 2660 1196 2713 condicione,·
1235 2657 1454 2704 traduci:
1482 2671 1507 2703 ‹
1538 2660 1612 2704 col
1642 2664 1834 2705 mutare
1863 2660 1914 2705 la
1943 2659 2231 2706 condizione
2259 2671 2301 2705 ›.

410 2734 476 2776 55.
505 2732 671 2776 hunc
699 2732 951 2776 utinam
969 2743 986 2776 .·
1014 2729 1135 2776 deh!
1164 2730 1205 2776 si
1235 2730 1418 2775 affretti
1448 2729 1678 2775 Lucifero
1709 2731 1762 2782 (il
1791 2730 1996 2785 pianeta
2011 2732 2215 2783 Venere)
2251 2731 2449 2785 quando

296 2801 517 2857 precede
539 2801 574 2846 il
596 2802 717 2853 sole)
738 2801 803 2846 ad
822 2801 1120 2847 annunziare
1140 2801 1176 2845 il
1197 2814 1398 2856 sorgere
1419 2800 1470 2845 di
1492 2805 1669 2855 questo
1689 2800 1834 2846 felice
1853 2801 2028 2855 giorno
2061 2802 2239 2853 (eolis).

410 2875 477 2919 56.
508 2874 809 2927 admisso,
837 2872 970 2917 ossio.
997 2873 1167 2927 celera}
1195 2872 1445 2928 impulso,
1474 2873 1709 2917 incitato.

411 3014 641 3067 Eleoeia
682 3014 776 3057 VI
795 3043 810 3067 ‚
852 3013 986 3058 nella
1014 3013 1163 3067 quale
1191 3012 1227 3057 il
1256 3015 1409 3067 poeta
1437 3012 1651 3067 implora
1678 3012 1743 3057 da
1769 3025 1836 3057 un
1865 3012 2025 3058 amico
2055 3012 2091 3057 il
2118 3012 2339 3068 perdono
2370 3013 2449 3059 del

301 3087 548 3143 principe.

441 3162 478 3203 1.
505 3171 616 3203 nec
653 3159 774 3211 vie,
802 3157 908 3203 scil.
936 3158 1295 3203 dissimulare.

435 3231 475 3273 2.
502 3241 612 3274 nec
652 3229 723 3283 ei,
747 3241 840 3282 per
867 3232 917 3273 et
943 3229 1063 3275 ei...
1097 3242 1218 3283 non,
1245 3241 1270 3273 ‹
1301 3242 1327 3273 o
1357 3228 1514 3274 anche
1544 3241 1672 3276 se...
1707 3241 1808 3273 non
1837 3238 1875 3273 ›.

431 3302 472 3344 4.
500 3299 824 3354 iunctior,
865 3298 969 3345 scil.
1000 3300 1153 3344 alter.

435 3373 477 3414 5.
504 3370 713 3424 isque,
741 3368 846 3414 scil.
873 3382 1038 3414 amor.
1066 3391 1118 3400 —
1155 3372 1470 3424 testatus,
1498 3368 1605 3414 cioe
1639 3369 1914 3423 probatus.

435 3442 476 3486 6.
505 3452 704 3495 amor,
731 3452 756 3484 ‹
784 3439 954 3484 l’amor
980 3443 1166 3493 nostro,
1191 3439 1243 3484 la
1269 3442 1441 3483 nostra
1469 3438 1696 3484 amicizia
1723 3449 1763 3484 ›.

437 3514 477 3556 7.
507 3511 740 3566 quique
782 3514 875 3555 est
902 3509 980 3554 col
1009 3509 1061 3554 L.
1088 3533 1141 3540 -
1167 3510 1259 3563 in,
1285 3522 1309 3554 ‹
1340 3522 1484 3554 verso
1513 3520 1554 3554 ›.

436 3583 476 3627 8.
502 3582 636 3635 ipsi
674 3581 840 3634 viro,
883 3579 990 3626 cioe
1031 3581 1273 3633 Augusto.
1314 3580 1386 3624 La
1427 3580 1618 3625 lezione
1662 3580 1713 3624 di
1754 3583 1931 3634 questo
1972 3593 2118 3625 verso
2157 3578 2184 3624 ὸ
2210 3578 2452 3634 perfetta-

303 3656 468 3699 mente
498 3651 746 3697 conforme
777 3652 826 3696 al
845 3651 911 3706 L„
931 3651 992 3696 nc
1013 3655 1190 3696 stuona
1209 3650 1245 3695 il
1265 3651 1461 3705 plurale
1482 3651 1716 3704 generico
1735 3651 1845 3697 ieta
1862 3651 1939 3695 col
1970 3649 2096 3705 sing.
2112 3649 2203 3695 che
2220 3647 2452 3703 precede.

412 3726 477 3768 10.
496 3722 1031 3779 pectoribusque:
1073 3735 1184 3777 quo,
1212 3734 1236 3766 ‹
1266 3721 1377 3766 anzi
1404 3722 1455 3766 al
1484 3721 1732 3767 contrario
1761 3732 1801 3766 ›.

411 3798 476 3839 11.
503 3793 680 3840 Costa:
709 3797 757 3838 et
796 3806 937 3839 unus
980 3805 1102 3837 erae
1143 3794 1229 3837 cm·
1269 3796 1362 3844 etc,

411 3867 476 3910 12.
505 3868 762 3921 excepto
790 3865 982 3919 quod:
1010 3865 1085 3908 l'a.
1112 3864 1227 3909 vuol
1258 3862 1380 3919 dire,
1408 3864 1616 3918 rispetto
1646 3862 1906 3916 all‘amico‚
1936 3860 2026 3908 che
2057 3860 2159 3914 egli
2186 3873 2284 3905 non
2302 3872 2450 3915 prese

300 3935 368 3981 da
394 3936 465 3981 lui
494 3934 735 3989 consiglio
763 3935 896 3980 nello
925 3933 1138 3980 scrivere
1168 3934 1295 3979 l'are
1325 3934 1561 3980 amandi.
