2840 4464
380 240 444 292 10
726 198 771 259 δ”
799 204 873 270 ³⁸
1024 264 1029 265 ν
1192 196 1590 307 {ffuminum

438 340 443 343 x
528 332 718 437 Νέὀ
696 337 921 444 ἰίὶηῐηε
935 356 1207 450 nimio,
1221 373 1332 424 nec
1349 356 1555 462 ,cedro
1597 357 1807 423 charta
1855 336 2118 431 notetur,

627 432 886 529 candida
930 441 1041 527 ne'c
1087 455 1273 547 nig'r‘a'
1292 444 1534 527 obi-nini
1579 460 1777 524 fronte
1812 479 2005 546 geras.

547 565 772 632 Felices
817 574 1039 630 ornent
1085 564 1234 633 haec
1269 563 1676 628 instrumenta
1721 562 1989 638 libellos;

633 668 912 733 fortunae
953 686 1292 732 memorem
1336 675 1396 731 te
1439 664 1610 730 decet
1653 684 1782 730 esse
1827 683 2017 729 meae.
2129 681 2135 686 ·
2439 663 2517 725 10

547 769 665 835 Nec
708 769 925 856 fragili·
951 768 1236 854 geminae
1279 768 1590 853 poliantur
1632 767 1874 852 pumice
1920 765 2168 840 fronteS,

638 872 910 942 hirsutus
953 871 1177 956 sparsis
1222 880 1289 935 ut
1335 870 1582 955 videare
1625 868 1830 934 comis,

549 974 712 1039 Neve
757 974 1082 1038 liturarum
1127 972 1382 1058 pudeat3
1431 972 1535 1056 qui
1580 970 1808 1036 viderit
1854 970 2009 1046 illas,

635 1076 711 1141 de
756 1075 1022 1141 lacrimis
1067 1075 1247 1140 factas
1292 1075 1514 1139 sentiat
1558 1094 1688 1139 esse
1731 1073 1903 1138 meiS.

550 1178 734 1255 Vade,
780 1177 958 1255 liber,
1005 1176 1333 1262 verbisque
1377 1176 1532 1240 meis
1574 1176 1704 1240 Iona
1746 1185 1916 1261 grata
1962 1176 2187 1239 saluta:
2441 1172 2518 1235 15

634 1281 982 1366 contingam
1025 1289 1188 1345 certe
1233 1300 1352 1364 quo
1398 1279 1536 1344 licet
1579 1279 1687 1344 illa
1731 1278 1907 1363 pede.

551 1382 612 1447 Si
660 1383 814 1467 quiS,
861 1393 929 1448 nt
971 1383 1035 1447 in
1080 1382 1327 1467 populo,
1376 1381 1567 1446 nostri
1614 1401 1737 1446 non
1775 1378 2101 1457 immemor
2137 1377 2247 1454 illi,
2310 1447 2316 1452 ,

637 1487 684 1548 si
734 1485 887 1569 quiS,
935 1485 1058 1570 qui,
1098 1484 1245 1569 quid
1290 1503 1484 1569 agam,
1532 1483 1686 1548 forte
1731 1491 2022 1567 requirat,
2068 1480 2209 1545 erit:

552 1588 762 1652 vivere
806 1607 906 1652 me
936 1587 1128 1664 -diceS,
1176 1589 1416 1652 salvum
1461 1597 1666 1651 tamen
1713 1606 1843 1651 esse
1887 1582 2161 1670 negabis;

638 1690 700 1754 id
744 1709 1004 1775 quoque,
1052 1690 1214 1774 quod
1263 1689 1484 1765 vivam,
1532 1708 1758 1753 munus
1806 1687 2031 1752 habere
2075 1685 2192 1749 dei.
2439 1685 2523 1748 20

552 1793 746 1878 Atque
789 1791 872 1857 ita
917 1802 1002 1868 tu,
1043 1792 1253 1856 tacitus
1298 1791 1611 1875 quaerenti
1659 1791 1838 1874 plura
1883 1787 2194 1873 legendus

643 1914 740 1971 ne,
785 1914 940 1980 quae
986 1914 1106 1958 non
1153 1914 1305 1977 opus
1349 1902 1457 1968 est,
1506 1891 1660 1956 forte
1704 1892 1974 1974 loquare,
2020 1908 2181 1953 cave.

522 2260 561 2303 8.
584 2258 828 2311 fronte:
858 2269 881 2299 ‹
909 2270 1211 2310 apparenza,
1238 2259 1435 2309 aspetto
1464 2265 1504 2296 ›.

521 2332 560 2373 9.
589 2330 1058 2381 instrumenta,
1086 2327 1149 2371 da
1177 2327 1398 2379 instruo,
1429 2326 1540 2370 vale
1562 2338 1584 2368 ‹
1615 2326 1756 2378 fregi,
1784 2313 2123 2369 adornamenti
2152 2335 2191 2368 ›.
2266 2332 2270 2337 ’

496 2403 560 2444 11.
588 2400 695 2454 fra
706 2400 766 2453 qi
777 2399 852 2450 li,
878 2397 904 2443 ὸ
924 2398 1062 2442 detta
1089 2398 1139 2441 la
1166 2397 1375 2451 pomino,
1401 2396 1584 2450 perche
1614 2397 1656 2440 si
1685 2399 1916 2441 converte
1936 2396 2217 2441 facilmente
2245 2395 2296 2440 in
2324 2396 2527 2450 polvere

390 2486 480 2525 per
508 2472 558 2515 la
587 2484 676 2515 sua
705 2469 893 2522 grande
921 2468 1101 2514 ariditu
1139 2482 1165 2513 e
1210 2467 1463 2513 friabilits.
1490 2491 1542 2498 —
1582 2468 1872 2522 geminae
1909 2480 2029 2512 sono
2072 2466 2444 2523 propris-mente
2482 2468 2528 2511 le

391 2541 642 2588 esti-emit&
673 2540 904 2585 inferiore
935 2553 961 2584 e
991 2540 1246 2593 superiore
1275 2538 1355 2584 del
1386 2538 1512 2583 libro
1544 2552 1570 2583 e
1600 2539 1615 2582 i
1642 2538 1787 2583 bordi
1815 2538 2094 2592 marginali.

481 2613 560 2654 ·12.
587 2611 890 2655 hirsutus
920 2621 1139 2653 accenna
1167 2608 1264 2652 alle
1294 2608 1636 2661 spelazzature
1666 2606 1872 2651 lasciate
1898 2606 2031 2651 nella
2059 2612 2198 2653 carta
2223 2621 2407 2662 pecora
2432 2621 2531 2664 non

389 2682 622 2740 levigata,
650 2678 813 2724 sicche
843 2680 889 2723 le
919 2679 1013 2724 due
1042 2682 1222 2723 testate
1252 2678 1332 2723 del
1361 2679 1521 2725 rotolo
1550 2678 1640 2723 ohe
1669 2678 1889 2722 formave
1921 2678 1955 2722 il
1976 2678 2118 2733 libro,
2136 2692 2286 2731 erano
2316 2678 2461 2724 simili
2483 2678 2529 2722 al

391 2752 613 2805 margine
643 2750 723 2795 dei
751 2750 908 2795 nostri
936 2750 1047 2794 libri
1078 2749 1271 2794 intonsi.
1308 2749 1456 2794 Nella
1483 2748 1771 2794 traduzione
1799 2749 1961 2803 potu-ai
1991 2763 2136 2795 usare
2165 2762 2255 2803 per
2290 2750 2530 2794 hirsutus

391 2838 415 2866 ‹
443 2823 670 2876 lugubre,
696 2825 871 2875 mesto,
898 2820 1038 2865 triste
1059 2831 1098 2876 >,
1121 2834 1148 2865 e
1177 2834 1267 2874 per
1294 2820 1505 2874 sparsis
1534 2834 1557 2864 ‹
1588 2819 1823 2864 arruffate
1855 2830 1893 2863 >.

496 2895 561 2940 13.
590 2894 981 2950 liturarum:
1008 2904 1031 2934 ‹
1062 2889 1282 2935 macchie
1322 2904 1350 2935 o
1393 2890 1727 2935 cancellatum
1758 2902 1796 2935 >.
1826 2914 1877 2921 —
1905 2891 2170 2944 viderit,
2198 2890 2284 2935 fut.
2314 2895 2411 2935 ant.
2439 2890 2527 2935 che

392 2964 637 3009 tradurrai
667 2964 717 3008 in
749 2964 797 3007 it.
826 2963 904 3007 col
935 2952 1024 3007 llut-⁴
1056 2961 1309 3015 semplice.

500 3038 564 3079 15.
591 3038 815 3089 arata:
844 3046 866 3076 ‹
897 3032 986 3077 che
1016 3032 1081 3077 mi
1111 3046 1261 3077 erano
1290 3030 1406 3088 cosi*
1428 3031 1612 3085 graditi
1643 3043 1680 3076 >.

502 3108 565 3150 16.
592 3105 749 3149 Costr.
776 3105 1076 3158 continuam
1102 3102 1212 3153 (che
1242 3102 1268 3147 ὸ
1298 3102 1381 3156 qui
1420 3102 1693 3157 adoperato
1731 3103 1781 3147 in
1810 3116 1955 3148 senso
1982 3104 2205 3157 proprio)
2232 3108 2366 3149 certe
2391 3109 2433 3153 (ι
2462 3106 2533 3154 αἱ·Δ

396 3190 536 3222 meno
557 3181 599 3227 ›)
628 3176 729 3220 illa
757 3176 887 3230 loca,
910 3176 1042 3230 pede
1068 3179 1109 3224 (‹
1131 3187 1222 3219 con
1252 3173 1368 3227 quel
1398 3187 1562 3219 mezzo
1584 3178 1626 3226 ›)
1648 3187 1749 3229 quo
1779 3174 1898 3219 licet
1911 3175 2034 3225 (scil.
2050 3175 2185 3220 mihi
2212 3177 2532 3230 continqere).

503 3250 566 3291 17.
593 3250 683 3297 ut,
708 3258 731 3288 ‹
761 3258 899 3289 come
943 3244 1125 3289 aocade
1170 3258 1199 3288 o
1244 3244 1352 3288 suol
1395 3243 1618 3298 capital-e
1649 3254 1687 3289 ›.
1727 3267 1779 3274 —-
1816 3245 1931 3289 illi
1968 3245 2045 3289 col
2075 3244 2132 3289 G.
2169 3258 2196 3288 e
2225 3244 2284 3288 V.
2318 3265 2371 3278 ==
2406 3245 2532 3297 illic,

395 3319 499 3363 scil.
528 3318 641 3362 erit.

500 3391 565 3433 18.
593 3387 747 3432 Costr.
775 3386 825 3431 si
853 3386 972 3440 quis
1001 3386 1101 3435 erit
1130 3386 1222 3440 qm·
1248 3386 1491 3439 requirat
1518 3386 1648 3440 quid
1676 3398 1848 3440 aqam.

501 3461 565 3503 19.
592 3460 803 3502 vivere
845 3457 955 3501 vale
986 3469 1008 3498 ‹
1039 3469 1204 3501 essere
1235 3469 1418 3501 ancora
1449 3456 1497 3500 in
1526 3456 1644 3510 vita,
1671 3457 1920 3510 respirare
1949 3468 2132 3501 ancora
2152 3466 2189 3500 ›.
2209 3480 2260 3486 ——
2279 3457 2420 3501 salv
2432 3471 2533 3502 um

396 3529 684 3574 <incolume
715 3541 741 3571 e
770 3540 890 3571 sano
913 3537 951 3571 ›.

498 3601 565 3643 20.
595 3599 714 3652 dei,
746 3596 853 3642 cioe
883 3596 1171 3651 d’Augusto,
1200 3597 1289 3641 che
1328 3597 1375 3641 lo
1416 3611 1577 3642 ,aveva
1614 3597 1823 3650 esiliam,
1865 3601 2053 3641 mentre
2095 3600 2279 3650 poteva
2320 3597 2536 3642 condan-

394 3670 535 3714 narlo
565 3682 595 3713 a
624 3673 796 3713 morte.

497 3742 567 3783 21.
597 3738 752 3784 Costr.
782 3742 853 3792 tu,
882 3739 974 3792 qui
1003 3739 1249 3793 leyendus
1288 3752 1342 3784 es
1370 3740 1565 3783 tacitus
1598 3742 1641 3788 (‹
1676 3738 1727 3783 in
1760 3736 1964 3782 silenzio
1996 3740 2040 3789 ›)
2069 3739 2346 3792 quaerenti
2364 3738 2538 3794 plura

393 3813 435 3856 (ι
456 3809 521 3852 da
548 3808 628 3852 chi
657 3807 886 3853 desidera
907 3808 956 3852 di
977 3821 1242 3856 conoscere
1263 3809 1474 3861 qualche
1496 3808 1677 3853 notizia
1696 3807 1745 3852 di
1776 3807 1864 3863 piu
1892 3808 2089 3853 intorno
2110 3809 2207 3855 alle
2226 3821 2375 3858 cause
2403 3808 2536 3854 della

395 3877 492 3920 mia
521 3877 833 3928 relegazione
863 3882 919 3931 ›),
947 3891 1068 3923 cave
1096 3892 1161 3923 ne
1193 3879 1337 3933 sorte
1367 3879 1597 3933 loquare,
1626 3892 1761 3934 quae
1802 3892 1909 3925 non
1950 3892 2084 3935 opus
2125 3884 2201 3925 est
2229 3878 2353 3933 (οἰοὸ
2379 3879 2431 3924 di
2460 3879 2536 3923 far

397 3955 662 3988 conoscere
693 3946 738 3988 al
777 3947 1012 3998 pubblico
1042 3948 1119 3993 cio
1150 3948 1239 3992 che
1269 3962 1365 3993 non
1397 3948 1423 3993 ὲ
1454 3953 1766 4004 opportuno).
