2840 4464
1088 274 1278 317 Lmen
1312 274 1401 330 111,
1436 262 1485 316 3.
2090 324 2096 328 .
2288 259 2357 314 93

388 379 476 444 nil
524 379 641 446 nisi
688 380 841 446 flere
883 379 1052 458 libet,
1098 400 1212 446 nec
1253 390 1462 446 nostro
1505 379 1745 466 parcior
1790 379 1989 445 imber

473 481 727 561 lumine,
773 483 850 549 de
894 496 1085 549 verna
1129 502 1313 568 quam
1358 483 1503 549 nive
1546 492 1754 548 manat
1797 503 1970 567 aqua.
2274 482 2357 547 20

384 584 573 651 Roma
616 584 954 670 domusque
990 585 1153 652 subit
1195 582 1690 670 desideriumque
1734 586 2026 662 locorum,

473 687 761 774 quicquid
806 697 866 753 et
911 687 1131 753 amissa
1178 698 1362 754 restat
1405 689 1472 753 in
1516 688 1670 755 urbe
1713 688 1857 753 mei.

389 791 455 856 Ei
501 791 676 870 mihi,
722 789 886 876 quod
930 791 1118 855 nostri
1167 790 1386 857 totiens
1431 793 1667 878 pulsata
1712 790 1976 876 sepulcri

474 892 676 971 ianua,
723 892 826 958 sed
872 894 1044 958 nullo
1074 902 1350 979 tempore
1394 904 1606 980 aperta
1650 893 1787 959 suit!

391 994 513 1062 Cur
555 1015 663 1082 ego
709 1004 795 1060 tot
837 995 1070 1083 gladios
1114 995 1258 1082 fugi,
1305 996 1646 1081 totiensque
1689 995 1921 1060 minata
2274 994 2355 1059 25

474 1097 678 1165 obruit
721 1097 936 1165 infelix
981 1097 1153 1164 nulla
1195 1098 1463 1184 procella
1508 1103 1721 1184 caput?

388 1199 485 1279 Di,
532 1221 683 1287 quos
725 1200 1010 1287 experior
1053 1201 1316 1267 nimium
1365 1210 1711 1266 constanter
1755 1201 2018 1287 iniquoS,

474 1303 798 1389 participes
843 1303 971 1369 irae
1015 1323 1165 1390 quos
1209 1302 1358 1369 deus
1402 1323 1565 1369 unus
1611 1303 1812 1380 habet,

391 1406 798 1483 exstimulate,
839 1424 1074 1492 precor,
1120 1405 1412 1472 cessantia
1459 1404 1578 1470 sata
1623 1405 1865 1491 meique

475 1508 757 1573 interitus
799 1510 1029 1574 clausas
1073 1529 1203 1574 esse
1246 1518 1446 1574 vetate
1489 1508 1673 1574 fores!
2277 1506 2359 1572 30

1248 1868 1337 1933 111.

398 2077 551 2143 Haec
594 2097 750 2155 mea,
798 2078 845 2142 si
877 2098 1031 2163 ⁸casu
1076 2077 1340 2155 mirariS‚
1386 2078 1645 2164 epistula
1691 2098 1880 2163 quare

479 2181 729 2248 alterius
765 2180 967 2267 digitis
1010 2180 1230 2268 scripta
1276 2181 1370 2260 sit,
1418 2201 1598 2269 aeger
1642 2201 1831 2247 eram.

393 2282 582 2370 Aeger
625 2283 689 2372 in
737 2282 1256 2369 extremisignoti
1302 2282 1579 2369 partibus
1624 2283 1808 2359 orbiS,

476 2385 865 2471 incertusque
906 2405 1081 2451 meae
1123 2405 1318 2471 paene
1363 2385 1575 2451 salutis
1618 2405 1805 2450 eram.

394 2487 590 2571 Quem
633 2487 788 2552 mihi
835 2508 999 2554 nunc
1041 2488 1320 2553 animum
1364 2488 1497 2553 dira
1544 2488 1791 2574 regione
1835 2488 2053 2554 iacenti

481 2590 641 2655 inter
687 2589 1075 2656 Sauromatas
1119 2610 1250 2656 esse
1295 2589 1594 2676 Getasque
1637 2595 1855 2676 putes?

2323 2491 2359 2553 0²:
2321 2393 2324 2397 “

328 2851 396 2895 20.
423 2861 643 2894 verna:
684 2848 839 2895 siamo
882 2849 932 2893 in
973 2848 1266 2903 primavera„
1295 2846 1402 2894 cioe
1443 2848 1526 2893 nei
1565 2847 1712 2903 primi
1754 2848 1876 2894 mesi
1919 2848 2053 2894 della
2084 2848 2272 2894 dimora
2316 2849 2367 2894 di

219 2920 400 2967 Ovidio
430 2918 478 2965 in
506 2919 659 2965 Tomi.

328 2993 396 3036 21.
423 2992 612 3046 subit,
640 2990 744 3036 scil.
773 2991 1028 3036 animum.

329 3064 398 3107 22.
426 3061 602 3107 costr-1
636 3065 682 3107 et
720 3063 966 3117 quicquid
1001 3062 1104 3107 mei
1141 3065 1310 3107 restat
1345 3062 1403 3107 in
1434 3074 1482 3106 a.
1508 3074 1559 3107 u.

330 3135 396 3178 26.
425 3133 738 3187 procella:
766 3132 799 3177 il
830 3136 981 3187 poeta
1009 3132 1174 3177 allude
1204 3135 1505 3187 soprattutto
1525 3132 1574 3178 ai
1592 3132 1800 3187 pericoli
1820 3133 1883 3178 da
1907 3133 1985 3178 oui
2006 3145 2092 3178 era
2112 3138 2365 3188 scampato

220 3204 305 3249 nel
333 3203 548 3257 viaggio.
1744 3227 1768 3255 ρ

329 3276 398 3319 28.
427 3275 578 3319 deus
615 3286 805 3329 unus,
833 3273 940 3319 cioe
969 3275 1210 3328 Augusto.

331 3347 398 3389 29.
427 3346 873 3400 eoestimulate,
914 3346 1048 3391 ossis.
1074 3346 1290 3391 incitate
1331 3357 1354 3388 ‹
1384 3345 1632 3391 affrettate
1659 3356 1715 3401 ›,
1758 3347 2028 3391 cessantia
2056 3359 2080 3390 ‹
2109 3346 2199 3392 che
2224 3347 2369 3392 tarda

225 3431 254 3460 a
282 3416 453 3461 venire
483 3426 521 3472 ›‚
548 3416 694 3469 sata,
721 3415 828 3461 01οὸ
858 3419 1095 3462 mortem.

305 3574 535 3628 Elegia
563 3574 692 3630 ΙΙΙ,
713 3574 847 3619 nella
864 3574 1012 3628 quale
1032 3574 1067 3617 il
1085 3577 1237 3628 poeta
1254 3572 1582 3619 raccomanda
1602 3574 1701 3619 alla
1722 3574 1901 3628 moglie
1922 3575 1971 3620 la
1991 3588 2080 3620 sua
2100 3575 2368 3629 sepoltura.

359 3646 399 3689 2.
428 3657 614 3699 aeyer
651 3658 847 3699 eram,
877 3644 981 3690 scil.
1009 3658 1127 3690 cum
1155 3645 1447 3689 scriberem.

360 3717 400 3760 3.
427 3716 654 3771 iqnoti,
683 3714 864 3770 perche
894 3729 982 3761 son
1009 3715 1156 3769 pochi
1187 3715 1340 3769 quelli
1371 3715 1460 3760 ohe
1489 3713 1538 3760 vi
1568 3715 1872 3769 approdano.

358 3789 399 3831 4.
427 3787 696 3842 salutis,
725 3786 858 3832 ossis
884 3787 1034 3831 vitae.

359 3860 399 3901 5.
427 3870 679 3912 quem...
730 3858 1014 3902 animum
1057 3857 1131 3902 col
1164 3856 1235 3910 G„
1263 3857 1319 3901 V.
1349 3871 1375 3901 e
1405 3858 1473 3912 L„
1508 3871 1599 3911 per
1642 3857 1768 3911 quid
1811 3857 1980 3901 animi
2021 3855 2108 3900 che
2152 3855 2192 3900 si
2223 3856 2367 3910 legge

226 3931 437 3975 altrove.

361 4002 401 4044 6.
428 4003 639 4055 putes,
668 4013 691 4044 ‹
718 4000 838 4055 puoi
868 4004 920 4045 tu
949 4000 1271 4053 immaginare
1300 4011 1339 4043 ›.
