2840 4464
2565 78 2578 92 μ

2605 132 2614 141 Κ
2799 144 2804 153 l

416 244 479 298 14
1346 261 1639 302 Tffls‘er

584 364 678 431 Me
723 385 983 450 quoque,
1031 385 1207 450 quae·
1232 367 1414 442 sensi,
1463 366 1655 432 fateor
1681 365 1852 433 ¹Iovis
1900 388 2069 433 arma
2115 368 2359 447 timere;

665 488 766 532 me
814 488 967 533 reor
997 469 1234 545 infesto,
1280 490 1418 534 cum
1456 479 1640 545 tonat,
1687 470 1828 555 igne
1871 471 2017 555 peti.

582 569 965 656 Quicumque
1002 571 1270 658 Argolica
1315 571 1392 637 de
1436 574 1623 637 classe
1669 571 1983 657 Capherei}
2029 572 2198 659 fagit,

665 692 918 758 semper
958 673 1035 738 ab
1123 673 1352 739 uboicis
1397 675 1533 739 vela
1580 665 1894 759 retorqilet
1939 675 2131 760 aquis.

574 773 648 838 -Et
693 793 827 840 mea
872 673 1123 862 cumbafi
1154 777 1341 840 semel
1390 786 1556 839 vasta
1602 795 1884 860 percussa
1927 777 2212 860 procella,
2286 799 2291 803 ·
2473 777 2555 842 85

715 878 865 954 111111,
913 897 1032 962 quo
1077 879 1237 942 laesa
1284 887 1392 954 est,
1445 877 1652 943 horret
1696 876 1866 943 adire
1912 880 2128 943 locum.

713 980 731 1042 i
776 998 941 1055 cave,
988 979 1164 1056 liber,
1211 989 1272 1044 et
1314 979 1528 1044 timida
1562 979 1955 1065 circumspice
2001 990 2226 1056 mente,

713 1090 731 1144 ι
777 1081 918 1145 satis
963 1103 997 1146 a
1042 1080 1244 1146 medie-1
1289 1081 1365 1145 sit
1407 1081 1518 1146 tibi
1565 1081 1747 1166 plebe
1792 1073 1928 1167 legiss

713 1203 740 1247 [1
785 1183 938 1268 petit
983 1183 1246 1248 infirmis
1282 1182 1551 1250 nimium
1594 1182 1881 1249 sublimia
1926 1183 2148 1268 pennis

713 1306 882 1363 arm,
923 1286 1240 1372 aequoreis
1283 1286 1534 1352 nomina
1579 1285 1717 1351 fecit
1760 1286 1953 1371 aquis,
2471 1289 2552 1351 90

713 1388 838 1453 icile
882 1399 972 1454 est
1016 1399 1222 1455 tamen
1271 1389 1432 1465 hinc,
1479 1389 1668 1454 remis
1712 1389 1902 1455 utaris
1947 1408 2026 1455 an
2072 1409 2237 1466 aura,

713 1490 890 1556 icere:
929 1491 1258 1557 consilium
1304 1511 1522 1576 resque
1567 1493 1852 1577 locusque
1897 1491 2145 1558 dabunt.

713 1593 922 1683 ioteifis
965 1613 1154 1659 vacuo
1198 1592 1376 1669 tradi,
1424 1593 1473 1657 si
1518 1604 1731 1659 cuncta
1777 1593 2013 1660 videbis

713 1694 858 1773 iitia,
906 1696 953 1761 si
1001 1690 1164 1761 vires
1211 1696 1461 1781 fregerit
1507 1695 1598 1761 ira
1643 1716 1801 1770 suaS‚

713 1797 820 1883 [uis
864 1798 1000 1875 erit,
1033 1799 1135 1883 qui
1183 1809 1243 1863 te
1286 1798 1667 1863 dubitantem
1713 1809 1773 1862 et
1818 1798 1986 1863 adire
2020 1798 2337 1864 timentem
2472 1800 2551 1862 95

713 1900 877 1978 ndat,
925 1911 986 1966 et
1030 1911 1173 1966 ante
1217 1911 1420 1967 tamen
1466 1921 1656 1986 pauca
1703 1903 2004 1985 loquatur,
2053 1900 2169 1965 adi.

713 2024 732 2067 3
778 1987 968 2080 hona,'
1003 2003 1371 2088 dominoque
1414 2013 1519 2068 tuo
1565 2002 1798 2068 felicior
1841 2003 1973 2087 ipso
2088 1994 2100 2018 ¹

713 2105 984 2170 ervenias
1028 2105 1172 2172 illuc
1215 2115 1272 2170 et
1317 2107 1479 2170 mala
1523 2115 1729 2170 nostra
1775 2106 1957 2170 leves,

713 2228 850 2294 ique
893 2227 968 2274 ea·
1009 2210 1105 2273 vel
1154 2219 1355 2287 nemo,
1403 2210 1499 2274 vel
1548 2207 1651 2294 qui
1698 2206 1854 2272 mihi
1900 2208 2160 2274 vulnera
2201 2206 2340 2274 fecit

713 2313 829 2377 11113
875 2311 1141 2377 Achilleo
1185 2314 1400 2377 tollere
1445 2331 1619 2377 more
1662 2321 1879 2397 potest.
2433 2313 2553 2375 100

713 2566 795 2599 na
835 2553 871 2598 I
876 2554 1026 2602 ovis.
1056 2553 1163 2599 oioe
1192 2553 1300 2599 l'ira
1329 2553 1377 2597 di
1411 2554 1651 2608 Augusto,
1681 2567 1759 2597 ma
1788 2567 1878 2598 con
1910 2553 2152 2598 allusione
2182 2553 2282 2598 alla
2318 2558 2472 2598 morte
2504 2552 2551 2597 di

713 2707 780 2749 r,
810 2710 833 2740 ‹
853 2709 1009 2750 penso
1039 2709 1067 2741 o
1097 2696 1162 2742 mi
1190 2709 1313 2749 pare
1334 2706 1373 2741 ›.

740 2778 763 2810 ‹
793 2770 1153 2820 appan-tenente
1196 2781 1226 2811 a
1254 2777 1306 2820 »ς
1346 2766 1629 2821 Ανροῑίοικ
1665 2767 1715 2810 la
1741 2767 1881 2812 flotta
1924 2778 2089 2820 greca,
2129 2766 2175 2810 al
2205 2765 2390 2811 ritorno
2420 2765 2553 2811 dalla

713 2837 856 2890 Proia,
882 2835 1126 2892 naufrago
1156 2841 1326 2883 contro
1365 2837 1399 2881 il
1442 2838 1779 2891 promontorio
1826 2837 2069 2883 dell’isola
2110 2837 2158 2881 di
2202 2836 2388 2889 Eubea‚
2416 2836 2550 2881 detto

713 2933 714 2936 =
734 2908 936 2963 fauit,
963 2922 987 2952 ‹
1008 2906 1192 2962 achivo,
1220 2908 1422 2963 scampe>
1443 2918 1482 2952 ›.

713 2981 830 3032 ita,
861 2989 885 3021 <
908 2978 1145 3033 terribile,
1170 2982 1470 3033 spaventosa
1490 2989 1528 3022 ›.

735 3049 1084 3094 consecutivo:
1111 3062 1134 3093 <
1154 3049 1318 3094 sieche
1339 3060 1376 3095 ›.

713 3129 876 3173 irus,
919 3119 1055 3172 figlio
1097 3119 1148 3164 di
1179 3119 1385 3174 Dedalo,
1427 3119 1517 3165 che
1561 3118 1770 3165 levatosi
1801 3124 1981 3174 troppo
2026 3119 2127 3164 alto
2170 3118 2295 3163 sulle
2337 3119 2419 3170 ali,
2446 3116 2553 3162 fab—

713 3188 783 3232 ial
813 3188 970 3243 padre
998 3189 1206 3243 Dedalo,
1232 3189 1389 3234 cadde
1424 3189 1475 3234 in
1504 3190 1672 3243 quella
1712 3193 1859 3244 parte
1890 3188 1969 3233 del
2011 3202 2145 3233 mare
2191 3188 2345 3242 Ionio,
2371 3187 2461 3232 che
2489 3187 2554 3231 da

713 3260 720 3303 1
750 3273 894 3305 nome
925 3259 1146 3306 d’Icario.

713 3331 803 3374 ais
843 3344 923 3376 an
961 3344 1150 3377 aura:
1177 3343 1201 3374 ‹
1222 3345 1251 3375 a
1278 3331 1414 3376 forza
1436 3330 1488 3375 di
1509 3332 1645 3385 remi,
1665 3344 1856 3385 oppure
1879 3329 2174 3384 aspettando
2194 3328 2229 3373 il
2251 3333 2397 3374 vento
2417 3328 2553 3374 favo·
2822 3294 2824 3350 ¹

727 3504 740 3527 ‚
769 3483 794 3515 ‹
813 3472 858 3517 le
889 3471 1190 3517 circostanze
1207 3482 1245 3517 ›.

713 3556 818 3597 tuo,
850 3542 954 3588 scil.
980 3543 1249 3597 Anaustos
1277 3557 1300 3587 ‹
1322 3546 1510 3588 mentre
1541 3542 1567 3588 ὸ
1597 3543 1925 3597 disoccupato
1941 3552 1979 3586 ›.

723 3617 940 3669 natur,
971 3613 1078 3660 eioe
1107 3628 1139 3658 a
1166 3618 1252 3659 tua
1280 3626 1427 3659 sousa
1447 3627 1474 3659 e
1502 3627 1593 3667 per
1612 3611 1829 3658 metterti
1860 3613 1991 3658 nelle
2022 3625 2109 3657 sue
2131 3611 2290 3658 buono
2320 3613 2505 3665 grazia.

723 3697 749 3727 e
792 3684 968 3737 bona,
995 3696 1020 3728 ‹
1041 3683 1090 3728 in
1108 3698 1176 3729 un
1203 3682 1376 3735 giorno
1404 3683 1630 3738 propizio
1652 3694 1690 3736 >;
1713 3683 1939 3737 felicior,
1966 3694 1990 3726 <
2010 3696 2101 3727 0011
2131 3681 2329 3736 miglior
2357 3682 2554 3728 fortuna

714 3836 799 3868 es:
827 3822 853 3868 ὲ
883 3825 970 3878 qui
998 3825 1268 3879 adoperato
1298 3838 1440 3870 come
1472 3838 1598 3879 agg..
1625 3838 1815 3879 oppure
1848 3838 1986 3869 come
2016 3823 2205 3870 verbo?

713 3894 935 3949 *tillem
961 3895 1144 3949 perche
1173 3895 1370 3941 ferendo
1389 3896 1574 3949 Telefo‚
1601 3896 1649 3941 lo
1679 3894 1800 3941 sano
1830 3896 1906 3941 ool
1939 3896 2085 3950 colpo
2115 3898 2273 3940 stesso
2302 3894 2436 3940 della
2463 3908 2554 3939 sua
