2840 4464
457 203 520 254 12
1352 240 1357 247 -
1383 216 1675 257 ‘rms‘rmn

621 313 1008 391 Carminibus
1054 335 1254 393 metus
1297 326 1498 391 omnis
1544 326 1738 392 abest:
1787 298 1910 411 ego„
1940 325 2216 411 perditus
2255 345 2462 391 ensem

709 428 1044 522 haesurum
1092 427 1299 516 iugulo
1346 428 1469 492 iam
1513 437 1661 514 puto
1705 428 1951 513 iamque
1994 447 2151 495 mec.

623 529 778 596 Haec
820 550 1063 616 quoque
1108 531 1270 617 quod
1315 530 1487 608 facio,
1536 530 1715 620 iudei&
1762 529 2089 596 mirabitur
2131 551 2379 616 aequuS,
2419 526 2424 531 ⁴
2513 530 2595 595 45

701 632 1048 719 scriptaque
1091 653 1233 699 cum
1280 633 1461 698 venia
1506 632 1972 718 qualiacumque
2016 634 2191 719 leget.

613 733 704 799 Da
749 735 906 800 mihi
952 734 1330 812 Maeoniden,
1364 745 1425 800 et
1469 744 1555 800 tot
1579 733 1995 820 circumspice
2036 754 2225 812 casus

700 836 1014 923 ingenium
1058 836 1246 902 tantis
1287 836 1528 902 excidet
1572 856 1755 902 omne
1800 836 1995 902 malis,

612 936 891 1024 Denique
935 958 1182 1003 securus
1228 937 1447 1014 famae,
1495 937 1670 1015 liber,
1716 937 1807 1003 ire
1851 948 2180 1014 memento,

702 1059 813 1106 nec
859 1040 966 1106 tibi
1011 1040 1089 1104 sit
1133 1041 1287 1105 lecto
1332 1040 1713 1125 displicuisse
1754 1039 1972 1125 pudor.
2512 1042 2596 1107 50

615 1139 746 1207 Non
790 1141 874 1207 ita
919 1161 983 1207 se
1025 1142 1202 1207 nobis
1247 1142 1503 1228 praebet
1548 1142 1789 1207 fortuna
1834 1141 2180 1219 secundam,

703 1254 772 1310 ut
816 1244 923 1310 tibi
972 1245 1050 1308 sit
1097 1244 1250 1310 ratio
1296 1243 1494 1310 laudis
1540 1243 1818 1316 habenda
1863 1254 2021 1310 tuae.

615 1344 820 1411 Donec
865 1366 1033 1412 eram
1079 1366 1302 1432 sospes,
1348 1346 1512 1412 tituli
1559 1346 1851 1431 tangebar
1893 1366 2120 1424 amore,

701 1447 1157 1534 quaerendique
1201 1448 1356 1513 mihi
1404 1448 1670 1514 nominis
1714 1448 1897 1514 ardor
1940 1459 2101 1528 erat3

611 1550 882 1616 carmina
913 1571 1075 1617 nunc
1106 1552 1155 1615 si
1186 1571 1309 1618 non
1342 1551 1753 1636 studiumque,
1791 1551 1953 1637 quo'd
1983 1551 2175 1629 offuit,
2208 1551 2327 1628 odi,
2511 1553 2589 1617 55

696 1653 774 1717 sit
816 1653 995 1718 satis:
1039 1654 1282 1740 ingenio
1328 1654 1411 1718 sic
1458 1654 1592 1740 fuga
1637 1664 1813 1740 parta
1857 1673 2012 1720 meo.

611 1754 701 1821 Tu
745 1766 951 1821 tamen
998 1756 1015 1820 i
1064 1777 1176 1842 pro
1220 1777 1342 1833 me,
1388 1767 1473 1833 tu,
1520 1757 1612 1822 cui
1661 1756 1818 1833 licet,
1865 1755 2069 1841 aspi‘ce
2114 1755 2395 1821 Romam:

694 1858 756 1923 di
802 1857 1087 1937 facerent,
1135 1879 1378 1944 possem
1424 1878 1587 1925 nunc
1630 1878 1803 1924 meus
1846 1877 1977 1924 esse
2021 1858 2197 1924 liber.

537 1990 540 1991 ⁷
611 1959 730 2025 Nec
772 1970 849 2037 te,
883 1961 1044 2046 quod
1091 1963 1300 2028 venias
1342 1981 1630 2048 magnam
1673 1961 2034 2048 peregrinus
2078 1961 2141 2025 in
2173 1960 2411 2037 urbem,

694 2063 965 2149 ignotum
1012 2067 1240 2151 populo
1283 2085 1458 2151 posse
1503 2065 1717 2130 venire
1760 2074 1932 2149 puta.>
2501 2064 2585 2127 60

544 2330 612 2374 43.
638 2332 842 2374 metus
861 2361 873 2382 ‚
918 2342 941 2372 ‹
970 2342 1123 2374 causa
1161 2329 1207 2373 di
1241 2328 1572 2382 apprensione
1592 2339 1639 2382 >3
1667 2328 1837 2372 abest:
1861 2326 2070 2380 traduci,
2098 2326 2332 2372 mutando
2363 2326 2396 2371 il
2430 2340 2586 2382 segg„

437 2412 461 2443 ‹
493 2398 717 2445 debbono
747 2412 911 2444 essere
941 2399 1100 2453 liberi,
1129 2399 1284 2444 esenti
1313 2411 1351 2442 ›.
1388 2422 1442 2429 —
1480 2398 1814 2453 perditus,
1850 2411 1873 2442 <
1905 2396 2221 2451 dmm-aziam,
2258 2397 2461 2443 infelice
2491 2409 2530 2441 ›.

544 2481 611 2523 44.
644 2491 880 2532 ensem,
911 2492 934 2522 ‹
953 2479 1004 2524 la
1032 2478 1192 2532 spada
1221 2478 1300 2523 del
1330 2477 1572 2523 carnefice
1593 2488 1634 2520 >.
2412 2477 2418 2483 '

489 2546 493 2550 ’
541 2560 609 2604 45.
638 2559 826 2613 quod,
857 2571 1023 2613 cong.;
1052 2572 1276 2613 aequus,
1304 2571 1328 2602 ‹
1349 2557 1654 2612 imparziale,
1681 2556 1923 2601 benevolo
1946 2567 1983 2601 ›.

541 2638 607 2682 47.
636 2638 715 2681 da
755 2638 936 2691 mihi,
963 2651 986 2682 <
1010 2637 1274 2691 immagina
1302 2637 1392 2682 che
1436 2636 1483 2681 io
1528 2635 1602 2681 sia
1630 2646 1683 2691 ›;
1711 2634 2038 2687 Maeoniden,
2066 2649 2168 2680 acc.
2196 2650 2283 2690 gr„
2315 2636 2349 2680 il
2379 2641 2580 2682 cantore

436 2708 646 2761 Meonio,
674 2706 781 2754 cioe
810 2707 1001 2762 Omero,
1031 2709 1120 2753 che
1151 2708 1192 2753 si
1230 2708 1455 2752 riteneva
1496 2707 1663 2752 nativo
1694 2706 1828 2751 della
1867 2706 2079 2760 Meonia„
2107 2706 2309 2759 regione
2342 2706 2582 2753 dell'Asia

437 2778 640 2823 Minore.
680 2801 732 2808 —
775 2779 1228 2834 circumspice,
1271 2792 1294 2823 <
1342 2776 1645 2823 circondami
1701 2776 1830 2821 colla
1876 2780 1964 2821 tua
2007 2775 2222 2821 fantasia
2261 2787 2305 2820 >2
2347 2776 2578 2823 l’Heinse

435 2848 695 2894 sustituiva
722 2861 813 2903 per
842 2852 1135 2901 congettura
1164 2849 1442 2894 circumice
1454 2861 1473 2902 ,·
1512 2859 1702 2892 casus
1719 2880 1729 2899 ‚
1757 2859 1781 2891 <
1803 2847 2019 2891 malanni
2049 2857 2093 2888 ›.·

540 2930 608 2973 48.
635 2928 898 2982 excidet,
929 2940 953 2971 ‹
972 2928 1119 2973 verre
1147 2941 1306 2982 meno,
1334 2928 1653 2974 soccomber&
1683 2932 1812 2974 sotto
1842 2927 1876 2972 il
1905 2941 2027 2983 peso
2057 2928 2148 2972 di...
2177 2938 2215 2973 ›.

540 3010 607 3052 49.
632 3019 900 3052 securus
933 3007 1174 3060 famae,
1211 3020 1234 3051 <
1280 3020 1429 3052 senza
1470 3007 1655 3052 cui-arti
1698 3007 1748 3051 di
1791 3008 1908 3062 quel
1954 3007 2044 3052 che
2092 3020 2404 3061 penseranno
2446 3018 2476 3051 0
2506 3005 2578 3051 di-

435 3091 589 3123 ranno
618 3077 668 3122 di
697 3081 745 3122 te
776 3089 814 3121 ›.

538 3158 606 3202 50.
636 3157 811 3211 lecto,
839 3170 862 3200 ‹
883 3156 1012 3210 dopo
1043 3155 1133 3201 che
1161 3156 1199 3200 ti
1229 3169 1383 3201 avran
1411 3156 1548 3211 letto,
1567 3169 1594 3201 ο
1616 3170 1647 3202 a
1665 3155 1741 3202 chi
1764 3155 1800 3201 ti
1822 3156 1942 3202 avr&
1960 3158 2082 3202 letto
2103 3168 2142 3201 >.
2159 3156 2370 3202 Traduci
2392 3156 2578 3211 displi-

433 3229 604 3273 cuisse
629 3227 826 3272 coll'inf.
852 3240 984 3282 pres.

538 3310 606 3352 52.
632 3307 807 3352 ratio
847 3307 1170 3352 habenda.
1198 3305 1410 3352 Traduci
1442 3305 1490 3350 in
1520 3306 1572 3363 it.
1600 3307 1731 3352 colla
1760 3307 1892 3352 frase
1921 3320 1944 3351 <
1967 3306 2043 3351 far
2071 3306 2259 3351 calcolo
2281 3318 2309 3349 ο
2340 3300 2577 3359 anseg-nal

434 3382 598 3423 mento
614 3388 652 3422 ›.

537 3458 604 3501 53.
633 3456 846 3510 tituli,
875 3469 898 3499 ‹
920 3455 1054 3500 della
1082 3454 1367 3500 rinomanza
1396 3469 1425 3500 ο
1456 3455 1536 3500 del
1565 3455 1706 3501 titolo
1728 3454 1777 3499 di
1806 3459 1957 3509 poeta
1985 3465 2023 3498 ›.

515 3533 606 3580 54.
632 3534 940 3588 nominis,
968 3548 992 3578 ‹
1015 3533 1145 3579 buon
1174 3547 1318 3579 nome
1334 3545 1372 3580 ›.

536 3617 602 3659 55.
630 3614 786 3659 Oostr.
813 3613 862 3657 εἰ
889 3626 1028 3658 nunc
1055 3626 1162 3658 non
1190 3614 1277 3658 odi
1308 3626 1472 3659 carm.
1500 3617 1550 3658 et
1575 3616 1639 3658 st.
1672 3638 1723 3645 —
1752 3614 1917 3668 offuit,
1951 3612 2132 3667 perche
2162 3599 2284 3667 pace
2304 3612 2394 3658 che
2411 3607 2577 3659 causa

431 3686 562 3730 delle
592 3696 678 3731 sue
709 3684 954 3737 disgrazie
984 3684 1123 3732 sieno
1153 3684 1268 3729 stati
1300 3687 1522 3739 appunto
1553 3684 1568 3728 i
1596 3684 1710 3729 libri
1739 3684 1828 3729 che
1859 3683 1958 3737 egli
1988 3697 2144 3728 aveva
2174 3682 2345 3729 scritti.
2369 3746 2374 3750 ι

534 3766 600 3808 56.
629 3765 742 3818 sic,
770 3777 794 3807 ‹
817 3762 996 3817 poiche
1024 3777 1120 3817 pur
1149 3766 1328 3818 troppo
1349 3775 1401 3819 ›;
1435 3766 1595 3819 fuya,
1620 3775 1645 3807 ‹
1667 3762 1856 3818 l’esilio,
1886 3763 1934 3807 la
1963 3763 2275 3817 relegazione
2305 3774 2343 3809 ›.

537 3844 603 3886 58.
624 3843 929 3896 facerent
965 3856 1057 3896 per
1078 3843 1304 3897 faciant,
1332 3842 1516 3898 perche
1546 3843 1580 3887 il
1611 3841 1859 3888 desiderio
1890 3841 1917 3888 ὸ
1946 3842 2253 3888 inattuabile.

538 3920 604 3961 59.
626 3920 1038 3975 peream-inu&
1068 3921 1350 3967 dall'estero
1381 3934 1521 3967 come
1550 3935 1617 3966 un
1645 3921 1922 3967 forestiero.
