2840 4464
1181 254 1366 295 mnan
1400 255 1488 309 iv,
1524 241 1604 295 10.
2357 239 2458 294 165

481 359 675 445 thue
717 379 827 445 ego
872 359 1151 438 maioreS‚
1198 360 1282 425 sio
1324 380 1426 427 me
1468 363 1709 428 coluere
1752 361 2041 439 minores
2255 364 2260 367 ’
2368 362 2449 426 55

563 472 829 548 notaque
872 484 997 528 non
1042 463 1217 530 tarde
1260 463 1412 530 faeta
1456 464 1671 530 Thalia
1715 483 1853 530 mea
1896 473 2005 530 est.

479 563 766 631 Carmina
809 585 949 632 cum
993 565 1267 653 primum
1309 568 1539 652 populo
1582 567 1892 634 iuvenalia
1931 567 2071 653 legi,

565 667 755 733 barba
802 668 1028 734 resecta
1071 669 1229 734 mihi
1272 668 1447 734 bisve
1490 671 1758 735 semelve
1804 668 1938 735 fuit.

479 768 749 836 Moverat
791 770 1128 856 ingenium,
1173 779 1363 836 totam
1407 780 1640 837 cantata
1683 791 1797 856 per
1838 770 2077 848 urbem,

558 871 817 938 Nomine
860 893 984 938 non
1030 892 1178 939 vero
1222 872 1379 939 diota
1423 872 1691 939 Corinna
1735 872 1910 938 mihi.
2365 875 2448 941 60

479 974 666 1042 Multa
710 975 960 1060 quidem
1004 975 1249 1061 seripsi3
1296 975 1402 1042 sed
1448 995 1605 1061 quae
1646 975 1863 1041 vitiosa
1906 975 2139 1061 putavi,

565 1077 980 1143 emendaturis
1026 1077 1270 1164 ignibus
1314 1077 1445 1164 ipse
1489 1077 1650 1143 dedi.

474 1177 645 1246 Tunc
674 1200 934 1265 quoque,
966 1199 1103 1246 oum
1134 1179 1429 1267 fugerem,
1462 1180 1763 1266 quaedam
1791 1179 2090 1265 placitura
2117 1180 2403 1257 cremavi,

564 1280 753 1349 iratus
796 1282 997 1348 studio
1040 1282 1538 1368 carminibusque
1580 1282 1753 1347 meis,

481 1382 661 1450 Molle
704 1382 1063 1470 Cupidineis
1106 1404 1219 1450 neo
1261 1383 1740 1470 inexpugnabile
1788 1383 1922 1449 telis
2314 1383 2320 1389 “
2370 1384 2450 1450 65

561 1506 663 1550 cor
705 1486 882 1564 mihi,
929 1485 1214 1572 quodque
1256 1485 1411 1551 lovis
1455 1506 1632 1552 causa
1675 1494 1971 1562 moveret,
2017 1494 2167 1550 erat.

478 1586 630 1653 Cum
675 1596 881 1653 tamen
929 1588 1027 1654 hic
1070 1607 1286 1666 essem,
1332 1587 1716 1673 minimoque
1759 1586 2123 1652 accenderer
2165 1586 2321 1672 igne,

560 1689 810 1755 nomine
852 1690 971 1757 sub
1011 1700 1219 1756 nostro
1264 1689 1470 1755 fabula
1517 1691 1689 1755 nulla
1733 1688 1865 1755 fuit.

477 1791 675 1858 Paene
717 1792 872 1857 mihi
917 1812 1110 1878 puero
1154 1812 1267 1859 neo
1317 1792 1500 1879 digna
1545 1812 1656 1858 nec
1698 1791 1867 1858 utilis
1910 1812 2066 1858 uxor

560 1905 651 1960 est
693 1894 852 1973 data,
898 1916 1056 1982 quae
1098 1906 1343 1982 tempus
1386 1916 1500 1981 per
1543 1894 1733 1961 breve
1777 1904 1971 1980 nupta
2029 1894 2159 1960 fuit.
2367 1896 2451 1959 70

473 1995 567 2061 Illi
612 1997 911 2075 successit,
959 1997 1240 2084 quamvis
1284 1997 1417 2062 sine
1462 1996 1719 2063 crimine
1761 1996 2047 2073 coniunx,

560 2119 684 2166 non
730 2110 936 2165 tamen
981 2099 1046 2164 in
1093 2109 1300 2165 nostro
1346 2099 1526 2165 firma
1572 2099 1774 2166 sutura
1819 2109 1972 2165 tor0.

476 2200 718 2280 Ultima,
764 2222 922 2288 quae
963 2221 1203 2269 mecum
1248 2222 1413 2268 seros
1456 2201 1799 2289 permansit
1841 2199 1906 2267 in
1950 2221 2160 2279 annOS,

558 2305 848 2371 sustinuit
891 2305 1160 2371 coniunx
1202 2306 1432 2372 exsulis
1476 2325 1608 2371 esse
1651 2304 1792 2370 viri.

476 2406 626 2472 Filia
669 2427 769 2473 me
813 2427 950 2473 mea
994 2408 1089 2473 his
1131 2408 1333 2493 prima
1378 2407 1636 2474 fecunda
1680 2408 1949 2484 iuventa,
2365 2408 2448 2470 75

561 2510 668 2575 sed
713 2530 838 2576 non
884 2531 958 2576 ex
1002 2530 1126 2576 uno
1168 2510 1444 2597 coniuge,
1488 2509 1628 2575 fecit
1670 2529 1873 2575 avum.

476 2611 545 2676 Et
588 2611 707 2677 iam
755 2614 1090 2698 complerat
1130 2612 1373 2699 genitor
1415 2632 1526 2678 sua
1569 2611 1709 2690 fata,
1754 2632 2099 2697 novemque

560 2714 878 2781 addiderat
921 2714 1130 2780 lustris
1175 2712 1368 2780 alterii
1410 2716 1602 2780 lustra
1648 2733 1890 2781 novem.

411 3034 478 3076 55.
505 3032 859 3080 maiores...
893 3032 1190 3086 minores,
1218 3031 1407 3076 intendi
1436 3036 1587 3077 natu.

412 3113 478 3156 56.
513 3110 743 3156 Thalia
782 3124 941 3165 mea,
979 3111 1029 3155 la
1056 3111 1156 3156 mia
1182 3110 1340 3166 Musa,
1368 3111 1384 3155 i
1412 3111 1525 3158 miei
1558 3109 1725 3165 carmi,
1748 3110 1784 3154 il
1812 3109 1910 3155 mio
1939 3109 2153 3163 ingegno
2180 3110 2395 3166 poetico.

411 3193 478 3235 57.
504 3191 858 3245 iuvenalia,
898 3190 976 3235 eol
1005 3190 1062 3236 G.
1091 3202 1117 3235 e
1147 3190 1220 3243 V„
1245 3203 1337 3243 per
1362 3190 1633 3245 iuvenilia,
1660 3189 1750 3234 ohe
1780 3188 1823 3234 si
1849 3189 1997 3242 legge
2025 3189 2231 3234 altrove.

411 3272 479 3315 58.
507 3270 737 3325 barba,
766 3269 856 3314 ohe
886 3269 926 3314 si
956 3268 1262 3314 eominoiava
1290 3283 1321 3314 a
1347 3268 1525 3314 radere
1552 3281 1698 3314 verso
1726 3269 1743 3312 i
1769 3267 1905 3313 venti
1935 3268 2065 3314 anni.

412 3351 479 3394 59.
504 3352 816 3395 moverat:
855 3362 880 3393 ‹
910 3361 1067 3393 aveva
1109 3347 1371 3402 suscitato,
1414 3347 1626 3393 eooitato
1669 3358 1693 3390 ›
1735 3347 1771 3391 il
1808 3347 1908 3393 mio
1952 3347 2166 3402 ingegno
2210 3361 2309 3394 una
2350 3350 2454 3395 mia

303 3419 480 3469 amica.
508 3419 599 3465 ohe
627 3419 676 3464 io
704 3420 818 3474 resi,
846 3423 977 3464 sotto
1008 3419 1043 3463 il
1070 3432 1215 3464 nome
1245 3418 1294 3463 di
1322 3418 1551 3473 Corinna,
1578 3417 1771 3464 famosa.
1799 3420 1873 3464 oo’
1891 3418 2008 3463 miei
2047 3419 2181 3465 canti
2200 3432 2291 3474 per
2320 3422 2454 3465 tutta.

306 3490 358 3535 la
384 3490 517 3535 oitta.

410 3572 478 3615 63.
506 3583 643 3615 cum
679 3570 999 3625 fauorem,
1041 3581 1064 3612 ‹
1092 3573 1283 3614 mentre
1311 3581 1521 3614 moveva
1549 3568 1650 3613 alla
1677 3568 1813 3613 volta
1844 3568 2102 3614 dell’esilio
2133 3578 2171 3614 ›.

412 3651 479 3693 67.
507 3662 643 3693 cum
686 3652 923 3694 tamen:
964 3661 989 3692 ‹
1017 3661 1224 3703 eppure‚
1255 3647 1471 3693 sebbene
1501 3647 1599 3692 tale
1629 3647 1676 3693 io
1713 3646 1836 3693 fossi
1864 3657 1903 3700 >‚
1930 3661 2027 3692 non
2056 3646 2151 3692 feci
2183 3646 2282 3692 mai
2309 3647 2453 3691 nulla.

302 3717 397 3764 ohe
427 3719 570 3764 desse
600 3718 665 3763 da.
693 3719 947 3764 novellare
977 3732 1007 3763 a.
1035 3718 1133 3763 mio
1164 3717 1378 3764 disdoro.

411 3801 477 3843 70.
503 3802 739 3853 nupta,
778 3811 803 3842 ‹
831 3799 931 3843 mia
959 3811 1109 3852 epona
1137 3808 1189 3853 >3
1225 3796 1411 3853 perche
1439 3802 1610 3853 presto
1638 3811 1700 3843 ne
1732 3796 1964 3843 divorzio.

412 3880 478 3922 76.
507 3890 719 3932 avum,
761 3877 867 3923 soil.
897 3891 991 3922 me.

411 3958 477 4002 77.
503 3957 786 4012 ueniter,
826 3970 850 4001 ‹
879 3956 977 4002 mio
1006 3956 1162 4011 padre
1193 3966 1232 4002 ›.
1259 3980 1312 3989 —·
1331 3958 1505 4013 sata,
1533 3955 1666 4003 ossia
1693 3956 1873 4004 vitam.
