2840 4464
1189 215 1378 258 Lmen
1413 217 1505 272 111,
1541 202 1621 260 11.
2374 200 2476 253 119

501 323 796 409 aspiceret
839 321 1036 388 nudos
1079 322 1212 387 sine
1257 320 1491 399 fronde,
1534 322 1669 391 sine
1712 322 1930 389 arbore
1974 343 2243 409 campos:
2389 323 2472 386 75

587 426 707 490 heu
753 426 881 490 loca
925 424 1083 490 felici
1130 444 1254 489 non
1300 423 1582 490 adeunda
1625 424 1785 489 viro!

499 527 650 612 Ergo
696 537 833 593 tam.
866 528 987 592 late
1030 536 1234 612 pateat
1276 546 1414 591 cum
1459 526 1764 593 maximus
1807 527 1992 603 orbiS,

587 630 735 696 haec
776 638 869 694 est
912 628 978 693 in
1023 647 1252 714 poenas
1295 637 1461 693 terra
1508 640 1748 714 reperta
1794 633 1985 696 meas!

1349 985 1445 1051 XI.

499 1190 558 1255 Si
608 1179 743 1275 quis
788 1210 870 1269 eS,
917 1190 1173 1256 insultes
1218 1189 1322 1275 qui
1368 1188 1623 1268 casibUS,
1670 1188 1968 1275 improbe,
2016 1189 2257 1266 nostris,

582 1312 805 1378 meque
850 1313 1024 1359 reum
1070 1292 1316 1379 dempto
1363 1291 1487 1357 fine
1530 1302 1814 1357 cruentus
1859 1313 2015 1378 agaS,
2200 1286 2206 1291 ’

499 1404 677 1460 natus
721 1414 785 1459 es
829 1415 864 1460 e
908 1394 1169 1480 scopulis
1213 1404 1274 1460 et
1316 1404 1526 1480 pastus
1569 1394 1983 1477 lacteferino,

583 1506 643 1562 et
685 1497 883 1562 dicam
928 1496 1124 1562 silices
1146 1504 1376 1582 'pectus
1422 1496 1651 1561 habere
1694 1506 1888 1562 tuum.
2513 1570 2516 1571 ⁷

496 1596 667 1683 Quis,
687 1598 910 1685 gradus
954 1598 1229 1675 ulterior,
1276 1618 1394 1682 quo
1441 1617 1506 1662 se
1549 1608 1650 1663 tua
1695 1597 1966 1685 porrigat
2010 1597 2121 1674 ira,
2431 1599 2468 1662 5

583 1706 802 1766 restat?
849 1701 1076 1786 quidve
1120 1700 1272 1766 meis
1316 1699 1516 1765 cernis
1559 1700 1768 1765 abesse
1804 1700 2025 1765 malis?

495 1802 758 1868 Barbara
802 1822 902 1868 me
947 1805 1129 1869 tellus
1173 1813 1233 1869 et
1277 1801 1592 1888 inhospi‘ta
1636 1802 1825 1868 litora*
1859 1801 2027 1867 Ponti

577 1926 837 1992 cumque
881 1926 990 1972 suo
1024 1906 1219 1974 'borea
1264 1904 1555 1970 Maenalis
1598 1904 1740 1971 ursa
1786 1903 1969 1971 videt.

494 2006 670 2075 Nulla
715 2009 871 2074 mihi
916 2029 1054 2076 cum
1099 2019 1279 2096 gente
1322 2008 1451 2073 sera
1495 2008 1857 2073 commercia
1902 2007 2182 2094 linguae:

578 2112 784 2178 omnia
829 2112 1067 2177 solliciti
1114 2121 1257 2179 sunt
1302 2113 1429 2177 loca
1472 2113 1657 2197 plena
1701 2120 1917 2177 metuS.
2388 2112 2466 2176 10

499 2213 694 2300 thue
738 2214 919 2302 fugax
963 2214 1158 2280 avidis
1202 2235 1416 2281 cervus
1463 2213 1803 2301 deprensus
1848 2213 1925 2280 ab
1968 2213 2148 2291 ursis,

578 2318 848 2383 cinctave
890 2318 1198 2382 montanis
1242 2328 1310 2382 ut
1352 2327 1535 2402 pavet
1577 2336 1730 2403 agna
1776 2316 1957 2402 lupiS,

494 2419 577 2484 sic
621 2441 748 2507 ego,
796 2420 1103 2506 belligeris
1147 2442 1182 2485 a
1225 2419 1507 2506 gentibus
1551 2418 1828 2504 undi'que
1871 2429 2133 2505 saeptuS,

581 2532 834 2601 terreor,
883 2523 1054 2588 hoste
1096 2542 1305 2588 meum
1349 2542 1546 2608 paene
1588 2532 1920 2608 premente,
1952 2523 2126 2588 latuS.

431 2800 496 2842 75.
525 2799 860 2853 aspiceret,
892 2798 971 2843 ool
998 2798 1128 2846 Vat..
1154 2811 1246 2852 per
1275 2800 1539 2854 aspiceres
1569 2797 1702 2851 degli
1731 2798 1845 2843 altri
1874 2797 2015 2843 codd.

431 2872 496 2914 76.
524 2869 738 2924 felici,
785 2882 809 2913 ‹
838 2868 927 2914 che
955 2868 1071 2914 vuol
1101 2883 1237 2914 esser
1266 2869 1411 2915 felice
1442 2881 1482 2914 ›.

430 2941 497 2986 78.
523 2952 767 2994 poenas
808 2951 945 2984 mea
957 2951 998 2991 8,
1039 2940 1116 2984 col
1144 2938 1248 2985 Pal.
1278 2952 1303 2984 e
1333 2940 1380 2984 le
1410 2939 1606 2985 antiche
1638 2938 1776 2993 edim,
1799 2952 1891 2993 per
1911 2951 2143 2994 poenam
2173 2952 2350 2983 meam
2379 2939 2468 2984 che

326 3010 368 3055 si
396 3009 544 3064 legge
573 3011 780 3055 altrove.
808 3015 811 3018 ’

402 3149 631 3203 Elegia
657 3150 778 3203 XI,
808 3153 978 3194 contro
1007 3163 1073 3198 un
1101 3149 1291 3194 nemico
1321 3150 1417 3194 vile
1449 3163 1476 3194 e
1506 3149 1719 3195 crudele.

456 3223 494 3264 1.
521 3222 579 3265 ei
609 3221 780 3275 quis,
809 3219 916 3265 cioe
946 3221 1267 3275 quicumque.
2461 3273 2464 3276 ¹

453 3293 494 3335 2.
522 3291 772 3345 dempto
802 3290 952 3345 fine,
981 3290 1115 3335 ossia
1142 3292 1255 3335 sine
1274 3290 1398 3345 flue.
1426 3314 1479 3322 —
1508 3294 1831 3346 cruentus,
1860 3303 1884 3333 ‹
1914 3304 2004 3335 eon
2025 3290 2193 3337 istinto
2219 3292 2418 3337 crudele
2440 3305 2467 3337 e

320 3361 639 3414 sanguinario
669 3371 706 3404 ›.
1184 3361 1188 3365 ’

452 3433 493 3475 3.
521 3434 577 3475 et
612 3433 858 3486 pastus,
886 3431 962 3476 col
996 3431 1099 3475 Pal.
1129 3444 1155 3476 e
1183 3431 1256 3486 V„
1283 3444 1374 3485 per
1402 3432 1655 3476 educatus
1676 3431 1756 3476 del
1787 3431 1844 3476 G.
1874 3446 1900 3477 e
1937 3433 2174 3478 nutritus
2215 3432 2344 3477 delle
2382 3446 2467 3476 an-

315 3501 447 3547 tiche
477 3502 703 3547 edizioni.
2457 3495 2464 3501 ⁴

453 3574 494 3618 4.
521 3572 774 3627 silices,
815 3586 840 3617 ‹
870 3572 992 3617 duro
1022 3584 1158 3617 come
1191 3573 1320 3617 selce
1349 3583 1388 3616 ›.

455 3645 495 3686 5.
524 3644 668 3697 quic
703 3644 948 3698 aradus
984 3643 1290 3698 ulterior,
1328 3642 1436 3688 cioe
1466 3643 1582 3697 qual
1614 3643 1740 3688 altro
1770 3644 1897 3688 male
1917 3644 2037 3697 puoi
2065 3647 2119 3688 tu
2147 3643 2467 3696 augurarmi?

452 3714 491 3758 8.
517 3712 847 3758 Maenalis
881 3726 1067 3758 ursa:
1107 3712 1266 3758 l'Orsa.
1307 3713 1561 3766 maggiore
1596 3712 1648 3758 fu
1691 3713 1828 3758 detta
1869 3713 2149 3767 Maenalis,
2188 3710 2371 3766 perche
2415 3713 2465 3756 la

318 3782 456 3829 ninfa
483 3782 702 3838 Callisto,
742 3783 831 3829 che
872 3796 1030 3828 venne
1073 3786 1262 3828 mutata
1301 3783 1353 3828 in
1395 3797 1520 3837 essa,
1564 3797 1650 3828 era
1690 3783 1861 3828 nativa
1896 3783 2009 3846 dell’
2025 3782 2255 3837 Arcadia,
2282 3781 2387 3828 ov’e
2432 3781 2466 3826 il

319 3858 483 3899 monte
511 3854 722 3900 Menalo.

426 3927 491 3970 12.
517 3926 822 3977 cinctave,
850 3926 927 3971 ool
958 3925 1083 3979 Vat„
1108 3939 1200 3979 per
1229 3926 1499 3980 cinctaque
1527 3924 1660 3978 degli
1690 3924 1802 3969 altri
1831 3923 1970 3970 codd.
