2840 4464
1310 224 1602 268 TRISTIUM

554 333 706 398 alter
755 330 1034 408 humum,
1081 330 1158 398 de
1203 351 1323 417 qua
1371 331 1686 418 fingantur
1726 333 1961 418 pocula,
2007 341 2324 412 monstrat,

641 454 938 520 quaeque,
984 433 1175 513 docet,
1224 434 1457 520 liquido
1500 444 1652 500 testa
1698 434 1774 498 sit
1818 444 1964 519 apta·
2002 453 2190 500 mero.

546 536 715 603 Talia
759 537 1060 604 luduntur
1105 538 1340 603 fumoso
1388 555 1599 603 mense
1642 536 1969 615 decembri,

637 660 793 711 Quae
838 640 1064 707 damno
1110 640 1264 705 nulli
1312 640 1721 726 composuisse
1766 639 1896 706 fuit.

793 763 810 808 )
854 742 1142 829 deceptus
1186 763 1309 808 non
1357 742 1553 807 tristia
1598 742 1869 808 carmina
1915 741 2056 807 feci:

793 847 976 913 tristis
1021 856 1260 912 nostros
1303 846 1503 932 poena
1548 855 1749 913 secuta
1794 847 1972 913 iocos,

796 970 831 1016 e
876 968 986 1015 nec
1030 947 1208 1015 video
1254 959 1340 1015 tot
1383 948 1461 1014 de
1506 949 1911 1016 scribentibus
1953 968 2168 1027 unum,
2400 949 2540 1014 495

793 1072 817 1116 1
863 1073 971 1117 sua
1015 1052 1356 1137 perdiderit
1400 1072 1602 1118 musa:
1648 1061 1929 1138 repertus
1971 1071 2097 1136 ego.

793 1156 823 1220 ÷i
869 1155 1241 1242 scripsissem
1286 1156 1508 1222 mimos
1549 1157 1806 1222 obscena
1851 1156 2131 1233 iocanteS,

793 1278 1028 1345 semper
1072 1258 1243 1325 vetiti
1288 1259 1522 1324 crimen
1570 1259 1795 1324 amoris
1842 1259 2111 1325 habent?

793 1381 884 1428 ›us
926 1361 1178 1429 adsidue
1221 1364 1417 1429 cultus
1454 1362 1726 1448 procedit
1756 1361 2015 1440 adulter,

793 1484 943 1549 aque
987 1464 1090 1530 dat
1134 1466 1316 1530 stulto
1361 1464 1578 1530 callida
1623 1474 1814 1550 nupta
1858 1464 2011 1529 viro,
2395 1467 2524 1530 500

828 1566 939 1632 boc
983 1567 1153 1654 virgo
1200 1577 1598 1652 matronaque
1642 1567 1861 1651 virque
1905 1586 2181 1653 puerque

793 1679 877 1747 at,
924 1679 984 1735 et
1027 1690 1103 1735 ex
1147 1682 1367 1756 magna
1411 1679 1585 1755 parte
1629 1678 1874 1734 senatus
1917 1669 2102 1735 adest.

793 1772 850 1837 ,is
894 1773 1137 1839 incestis
1181 1773 1470 1838 temerari
1516 1772 1763 1839 vocibus
1809 1792 2013 1839 aures:

793 1885 995 1942 escunt
1038 1876 1195 1941 oculi
1240 1877 1434 1941 multa
1477 1875 1765 1961 pudenda
1809 1875 1963 1961 pati:

793 1999 805 2042 ι
847 1978 1062 2044 fefellit
1105 1998 1317 2044 amans
1361 1978 1565 2062 aliqua
1611 1978 1880 2044 novitate
1924 1977 2234 2054 maritum,
2398 1978 2522 2043 505

793 2080 945 2147 iitur
990 2091 1050 2147 et
1096 2101 1314 2167 magno
1358 2081 1566 2167 palma
1609 2080 1819 2147 favore
1862 2081 2059 2147 datur.

793 2206 804 2248 ι
847 2183 1052 2251 minus
1095 2183 1361 2270 prodest,
1407 2203 1622 2250 scaena
1665 2193 1756 2249 est
1798 2185 2031 2251 lucrosa
2073 2192 2289 2270 poetae

793 2307 924 2372 ique
969 2307 1091 2353 non
1138 2307 1329 2374 parvo
1372 2286 1629 2352 crimina
1675 2297 1920 2372 praetor
1964 2287 2132 2353 emit.

2402 434 2553 500 490

793 2554 919 2605 tur,
947 2564 972 2595 ‹
1001 2550 1043 2596 si
1072 2550 1310 2604 formano,
1338 2548 1675 2595 costruiscono
1705 2560 1743 2594 ›.

793 2633 972 2684 festa,
1003 2643 1026 2675 ‹
1057 2630 1174 2684 qual
1204 2628 1363 2674 forma
1392 2642 1418 2673 e
1450 2628 1617 2683 specie
1648 2628 1697 2672 di
1726 2641 1846 2674 vaso
1874 2639 1915 2673 ›.

817 2710 921 2755 scil.
950 2710 1206 2754 carmina.
1235 2732 1288 2739 —
1317 2708 1652 2761 luduntur,
1676 2721 1699 2751 ‹
1721 2707 1760 2752 si
1791 2708 2015 2753 scrivono
2044 2721 2135 2763 per
2162 2707 2382 2753 ischerzo
2413 2720 2450 2753 ›.
2470 2734 2523 2740 —

793 2784 927 2825 zanto
959 2780 1006 2824 al
1037 2779 1179 2825 fuoco
1210 2790 1248 2823 ›.
1277 2802 1327 2810 —
1355 2792 1424 2823 m.
1455 2778 1794 2832 decembri,
1828 2778 1879 2822 in
1908 2779 1986 2823 cui
2016 2779 2066 2823 la
2095 2778 2223 2825 festa
2252 2778 2330 2825 dei
2353 2779 2523 2825 Satur-

820 2865 920 2896 una
949 2850 1108 2896 simile
1137 2849 1332 2895 libertis.

793 2932 835 2977 [a
862 2931 1025 2986 questi
1055 2930 1241 2985 esempi
1272 2940 1312 2975 ›.

796 3026 824 3057 o
856 3012 960 3057 solo
989 3023 1030 3058 ›.

793 3107 818 3146 r,
846 3089 1304 3146 rappresentazioni
1334 3088 1687 3134 drammatiche
1720 3088 2173 3135 scostumatissime.

809 3183 832 3215 ‹
860 3170 1091 3225 promito,
1122 3169 1402 3223 illegittimo
1432 3178 1457 3210 ›
1485 3182 1577 3223 per
1604 3169 1743 3222 victi,
1769 3168 1848 3213 dei
1878 3168 2018 3214 codd.
2047 3168 2118 3223 G„
2146 3169 2203 3214 V.
2232 3183 2259 3215 e
2288 3170 2341 3215 L.

793 3267 810 3304 >,
838 3249 944 3294 cioe
973 3253 1225 3304 comptus,
1255 3262 1279 3293 ‹
1308 3248 1437 3293 bene
1468 3248 1706 3293 azzimato
1737 3259 1775 3293 ›.

817 3329 941 3384 dat,
971 3328 1103 3374 ossia
1133 3329 1338 3384 decipit,
1359 3328 1532 3383 fallit.

793 3408 851 3453 zi).
879 3410 1081 3462 mimos,
1111 3408 1188 3453 col
1219 3408 1290 3462 G„
1317 3407 1375 3453 V.
1405 3420 1432 3453 e
1463 3407 1515 3451 11.
1542 3421 1634 3461 per
1661 3408 1755 3452 hos
1785 3407 1916 3461 degli
1949 3408 2063 3454 altri
2092 3408 2235 3454 codd.

793 3492 998 3543 parto,
1030 3502 1053 3532 ‹
1084 3488 1132 3532 in
1162 3501 1288 3541 gran
1318 3500 1521 3532 numero
1552 3497 1600 3542 ›;
1641 3488 1791 3542 satis,
1824 3488 1927 3532 scil.
1958 3492 2048 3533 est.

793 3572 877 3622 ate,
906 3580 930 3611 ‹
958 3581 1119 3612 nuovo
1149 3580 1314 3612 mezzo
1345 3580 1373 3611 o
1402 3566 1618 3619 inganno
1649 3576 1687 3611 ›.

793 3662 818 3704 ι,
849 3661 873 3692 ‹
902 3649 1092 3703 premio
1121 3661 1150 3693 o
1182 3661 1333 3701 segno
1364 3647 1413 3691 di
1444 3646 1809 3701 approvazione
1840 3658 1879 3689 >.

801 3742 825 3773 ο
854 3728 931 3773 col
962 3728 1026 3781 L„
1054 3741 1145 3781 per
1165 3727 1401 3782 quodque
1422 3725 1554 3779 degli
1574 3726 1688 3771 altri
1709 3727 1849 3772 codd.
1868 3751 1920 3759 —
1945 3730 2228 3783 prodest,
2259 3743 2282 3775 ‹
2304 3729 2451 3783 giova
2471 3729 2519 3774 ai

793 3798 836 3843 ni
853 3811 891 3843 ›.
910 3822 961 3829 ·-
990 3810 1247 3853 scaena,
1275 3796 1489 3844 secondo
1508 3810 1608 3842 una
1626 3796 1771 3842 felice
1793 3799 2141 3845 emendazione
2162 3801 2242 3846 del
2260 3799 2521 3855 Gronovio,

817 3868 842 3913 ὲ
872 3869 951 3912 nei
981 3867 1122 3912 codd.

793 3959 868 4001 vr,
895 3946 983 3991 che
1013 3959 1098 3990 era
1127 3945 1397 3991 incaricato
1429 3944 1510 3990 dei
1537 3944 1759 3999 pubblici
1791 3949 2067 4002 spettacoli.
