2840 4464
380 243 445 296 54
1305 256 1597 298 ‘rms’rmM

543 362 680 440 Sed,
725 361 843 429 nisi
886 381 1243 449 peccassem,
1291 362 1440 448 quid
1485 372 1550 429 tu
1594 362 1921 429 concedere
1965 367 2220 449 posses?

625 465 945 533 materiam
989 465 1205 533 veniae
1250 486 1378 531 sors
1424 465 1535 532 tibi
1579 475 1785 532 nostra
1829 464 2014 532 dedit.

543 569 627 647 Si,
671 570 950 656 quotiens
992 579 1243 656 peccant
1289 569 1590 647 homines,
1638 590 1746 636 sua
1792 568 2050 634 fulmina
2095 568 2297 635 mittat

625 671 914 758 Iuppiter,
961 671 1178 758 exiguo
1224 681 1501 757 tempore
1545 671 1801 737 inermis
1845 671 2002 750 erit3

544 794 724 852 nunc,
769 774 875 841 ubi
921 773 1198 841 detonuit
1241 774 1623 860 strepituque
1672 774 1971 841 exterruit
2015 773 2247 852 orbem,
2433 771 2516 839 35

627 896 854 963 purum
900 877 1179 943 discussis
1223 885 1365 942 aera
1412 876 1613 943 reddit
1657 875 1846 962 aquis.
2538 877 2542 881 ’

537 979 675 1047 Iure
717 980 901 1067 igitur
943 980 1303 1067 genitorque
1348 978 1536 1047 deum
1582 988 1901 1065 rectorque
1945 989 2215 1058 vocatur,

626 1082 759 1148 iure
801 1102 992 1168 capax
1034 1081 1305 1148 mundus
1349 1082 1436 1149 nil
1484 1081 1624 1148 Iove
1669 1082 1866 1147 maius
1914 1081 2114 1147 hahet.

541 1183 630 1250 Tu
675 1203 934 1270 quoque,
981 1203 1119 1250 cum
1162 1184 1398 1270 patriae
1445 1193 1643 1250 rector
1686 1183 1887 1250 dicare
1930 1193 2247 1270 paterque,

444 1276 449 1279 ’
624 1296 797 1353 utere
840 1307 1013 1354 more
1057 1286 1176 1366 dei,
1225 1307 1453 1353 nomen
1500 1287 1782 1354 habentis
1827 1288 2008 1354 idem.
2430 1286 2516 1352 40

541 1389 727 1475 quue
770 1391 931 1469 faciS,
980 1411 1091 1457 nec
1135 1400 1193 1457 te
1237 1391 1562 1476 quisquam
1605 1389 1978 1457 moderatius
2021 1409 2315 1476 umquam

625 1493 869 1580 imperii
911 1493 1110 1580 potuit
1153 1494 1328 1559 frena
1374 1503 1589 1560 tenere
1635 1493 1746 1560 sui.

541 1595 630 1661 Tu
673 1595 919 1663 veniam
962 1597 1123 1683 parti
1165 1607 1488 1683 superatae
1531 1617 1711 1683 saepe
1756 1596 1995 1675 dedisti,

622 1719 745 1764 non
788 1719 1180 1767 concessurus
1225 1721 1413 1786 quam
1460 1700 1569 1767 tibi
1615 1699 1810 1765 victor
1852 1708 2000 1766 erat.

536 1799 779 1868 Divitiis
823 1803 1007 1868 etiam
1050 1804 1276 1869 multos
1320 1812 1381 1869 et
1428 1802 1763 1869 honoribus
1806 1811 2008 1869 auctos
2426 1800 2512 1866 45

625 1903 774 1983 vidi,
820 1905 924 1990 qui
969 1907 1240 1972 tulerant
1282 1905 1348 1971 in
1391 1915 1574 1992 caput
1616 1925 1786 1971 arma
1829 1915 2047 1971 tuum:

541 2027 817 2093 quaeque
860 2007 989 2074 dies
1033 2006 1285 2087 bellum,
1332 2009 1479 2074 belli
1525 2008 1634 2073 tibi
1681 2008 1924 2073 sustulit
1969 2007 2145 2084 iram,

623 2130 886 2196 parsque
931 2111 1111 2177 simul
1160 2112 1406 2197 templis
1450 2120 1711 2196 utraque
1755 2111 1913 2176 dona
1958 2110 2116 2177 tulit.

539 2212 734 2300 thue
777 2223 919 2281 tuus
961 2214 1183 2302 gaudet
1225 2214 1422 2294 mileS,
1470 2213 1633 2301 quod
1677 2214 1891 2281 vicerit
1938 2213 2193 2292 hostem,

621 2317 722 2396 sic,
770 2317 997 2384 victum
1042 2339 1150 2384 cur
1192 2339 1255 2385 se
1298 2317 1574 2405 gaudeat,
1624 2318 1811 2384 hostis
1859 2317 2060 2383 habet.
2423 2317 2506 2381 50

540 2419 728 2486 Causa
771 2440 909 2486 mea
952 2430 1043 2487 est
1085 2422 1324 2500 melior,
1372 2422 1476 2507 qui
1524 2441 1635 2487 nec
1677 2419 1979 2487 contraria
2023 2419 2191 2486 dicor

621 2544 813 2602 arma,
861 2544 972 2591 nec
1019 2524 1268 2590 hostiles
1312 2545 1442 2591 esse
1486 2534 1723 2591 secutus
1766 2544 1931 2609 opes.

538 2625 653 2692 Per
698 2647 888 2705 mare,
933 2647 1044 2712 per
1089 2638 1302 2706 ter1·aS‚
1348 2648 1463 2714 per
1506 2628 1685 2694 tertia
1728 2626 1985 2694 numina
2030 2625 2186 2703 iuro,

472 2983 539 3026 32.
567 2994 725 3038 sors,
755 2995 780 3026 <
810 2981 1057 3036 disgrazia
1086 2992 1124 3027 ›.

469 3053 536 3096 35.
564 3065 728 3097 nunc
756 3053 834 3097 ool
862 3053 930 3108 L„
955 3065 1048 3106 per
1073 3053 1158 3097 hic
1186 3051 1235 3097 di
1264 3051 1379 3097 altri
1409 3050 1549 3096 codd.

470 3125 536 3168 38.
565 3136 784 3179 capax,
812 3137 837 3168 <
867 3123 1047 3179 ampio,
1076 3124 1311 3168 immenso
1340 3133 1378 3167 ›.

467 3197 534 3239 40.
564 3196 683 3249 dei,
711 3194 817 3240 eioe
847 3196 896 3240 di
927 3195 1095 3250 Giove,
1124 3195 1213 3241 ohe
1241 3196 1433 3250 riporta
1461 3195 1496 3239 il
1517 3206 1691 3241 sereno
1712 3194 1841 3250 dopo
1863 3195 1912 3240 la
1931 3198 2257 3249 tempesta.—
2283 3207 2508 3240 nomeu

360 3267 382 3310 i
392 3267 548 3320 dem,
576 3266 684 3311 oioe
712 3271 965 3313 rectorem
994 3272 1042 3313 et
1067 3271 1290 3323 patrem.

465 3341 535 3382 41.
561 3339 760 3393 facis:
788 3339 975 3384 sottint.
1003 3352 1028 3383 <
1056 3339 1327 3384 realmente
1356 3349 1395 3385 ›.

467 3411 535 3453 44.
564 3423 774 3466 quam,
803 3411 907 3456 soil.
934 3411 1155 3456 veniam.

464 3482 531 3525 47.
559 3481 746 3525 Gustu:
771 3485 819 3526 et
845 3482 947 3526 illa
990 3483 1112 3536 dies,
1153 3495 1288 3537 quae
1317 3482 1540 3528 sustulit
1566 3486 1610 3534 (‹
1637 3483 1761 3528 tolse
1792 3481 1841 3527 di
1870 3495 2054 3534 mezzo,
2075 3495 2197 3537 pose
2227 3482 2433 3528 termine
2462 3482 2506 3539 »)

362 3551 570 3606 bellum,
597 3552 817 3597 sustulit
844 3553 939 3597 tibi
966 3552 999 3597 i.
1028 3554 1072 3597 b.

463 3625 531 3667 48.
570 3626 872 3677 utraque,
914 3626 1051 3668 tanto
1080 3623 1097 3667 i
1124 3623 1393 3678 partigiani
1439 3624 1488 3668 di
1529 3624 1770 3679 Augusto,
1799 3627 1983 3679 quanto
2025 3624 2096 3678 gli
2138 3624 2408 3670 avversarii
2441 3624 2506 3669 da

357 3692 427 3737 lui
454 3693 591 3738 vinti.

466 3766 532 3808 50.
559 3764 771 3809 habet:
800 3764 1053 3810 riconosee
1084 3763 1297 3811 d'essere
1327 3769 1457 3811 stato
1484 3766 1621 3812 vinto
1656 3767 1705 3810 in
1734 3765 2027 3819 generosita.

466 3836 533 3878 52.
563 3848 725 3889 opes,
752 3849 776 3879 ‹
804 3838 1016 3890 potenza
1046 3846 1084 3880 ›.

464 3907 530 3948 53.
550 3918 669 3959 per
704 3920 904 3962 mare,
945 3907 1051 3953 oioe
1089 3921 1179 3963 per
1207 3909 1448 3966 thtuno3
1488 3923 1590 3965 per
1626 3913 1815 3965 terras,
1857 3909 1964 3955 οἰοὸ
2005 3922 2097 3964 per
2137 3909 2369 3963 Pluton03
2402 3922 2505 3965 per

361 3975 516 4017 tertia
553 3977 792 4032 numina,
820 3979 926 4024 oioe
954 3992 1044 4033 por
1074 3979 1228 4024 Giove
1258 3993 1284 4025 e
1313 3975 1384 4034 gli
1414 3981 1528 4026 altri
1558 3980 1637 4026 dei
1665 3980 1893 4035 regnanti
1923 3981 1970 4025 in
2002 3981 2141 4025 cielo.
