2840 4464
862 932 1220 1006 LIBER
1274 931 1784 1026 QUINTUS

1302 1419 1343 1485 l.

422 1606 592 1674 Hunc
635 1627 876 1693 quoque
919 1606 996 1673 de
1040 1606 1263 1685 Getico,
1310 1605 1503 1673 nostri
1548 1607 1835 1686 studiose,
1881 1608 2164 1676 libellum

506 1708 684 1775 litore
726 1708 1079 1796 praemissis
1122 1719 1409 1794 quattuor
1452 1709 1608 1776 adde
1650 1711 1823 1776 meis,

421 1811 527 1877 Hic
569 1831 813 1897 quoque
855 1811 995 1877 talis
1037 1811 1174 1890 erit,
1221 1812 1419 1897 qualis
1463 1811 1709 1879 fortuna
1752 1820 1995 1898 poetae:

505 1913 784 1979 invenies
826 1923 952 1979 toto
994 1914 1268 1980 carmine
1310 1914 1487 1981 dulce
1531 1914 1710 1983 nihil.

419 2013 668 2081 Flebilis
710 2023 780 2083 ut
821 2026 1030 2083 noster
1071 2026 1262 2081 status
1305 2026 1414 2095 est,
1462 2016 1545 2081 ita
1590 2016 1797 2083 flebile
1839 2036 2114 2096 carmen,
2354 2020 2391 2083 5

504 2118 797 2184 materiae
841 2119 1064 2205 scripto
1108 2118 1511 2186 conveniente
1555 2139 1715 2185 suae.

420 2218 659 2306 Integer
700 2228 762 2287 et
804 2221 999 2288 laetus
1042 2222 1200 2288 laeta
1244 2231 1306 2287 et
1347 2218 1659 2288 iuvenalia
1703 2222 1859 2288 lusi:

505 2322 613 2388 illa
654 2333 860 2389 tamen
907 2344 1072 2390 nunc
1115 2343 1216 2390 me
1258 2323 1666 2410 composuisse
1708 2325 1893 2410 piget.

417 2422 492 2489 Ut
533 2423 744 2504 ceci‘di,
789 2425 973 2492 subiti
1016 2426 1242 2513 perago
1283 2426 1609 2512 praeconia
1652 2447 1841 2504 casus

501 2546 761 2613 sumque
804 2527 1148 2616 argumenti
1191 2528 1469 2595 conditor
1511 2528 1643 2615 ipse
1685 2528 1826 2594 mei.
2314 2531 2392 2594 10

417 2626 612 2715 thue
654 2629 856 2695 iacens
901 2631 1035 2717 ripa
1078 2630 1309 2697 deflere
1353 2629 1660 2718 Caystrius
1703 2632 1829 2696 ales

503 2730 724 2798 dicitur
766 2751 873 2798 ore
915 2752 1090 2800 suam
1134 2732 1457 2798 deficiente
1502 2752 1733 2811 necem,

327 3038 492 3084 LIB.
520 3039 598 3085 V.
625 3061 680 3071 --
707 3039 939 3093 Elegia
978 3040 1037 3095 1,
1074 3039 1209 3085 nella
1238 3040 1385 3094 quale
1417 3039 1453 3084 il
1480 3043 1634 3095 poeta
1676 3039 1718 3084 si
1760 3052 1906 3085 seusa
1946 3051 2122 3093 presso
2164 3038 2182 3083 i
2221 3038 2372 3084 lettor

244 3107 381 3153 della
408 3108 639 3154 tristezza
667 3108 743 3154 de’
772 3109 881 3154 suoi
908 3109 1078 3156 carmi.

380 3183 418 3225 1.
451 3179 667 3224 Getico
703 3180 951 3225 concorda
979 3193 1071 3225 con
1100 3180 1265 3226 litore.

377 3252 417 3295 6.
444 3250 791 3305 materiae,
820 3263 846 3296 ‹
874 3251 1133 3297 all’autore
1162 3251 1252 3296 che
1281 3250 1371 3297 n'e
1400 3253 1704 3307 argomento,
1732 3263 1924 3306 oppure
1955 3251 2008 3295 al
2037 3254 2267 3304 soggetto
2297 3251 2388 3297 che

245 3321 293 3367 lo
323 3320 478 3375 ispira
507 3332 546 3366 ›.

377 3394 416 3438 7.
442 3393 724 3447 ἰητορσν,
750 3404 776 3437 <
805 3391 966 3442 illeso,
995 3392 1172 3437 intatto
1202 3405 1387 3437 ancora
1414 3392 1551 3437 dalla
1580 3395 1813 3437 eventura
1827 3402 1866 3437 ›.
1893 3414 1945 3423 —-
1977 3392 2160 3437 laeta
2201 3396 2259 3438 et
2300 3393 2390 3438 iu-

242 3463 538 3508 venalia:
579 3461 745 3508 allude
789 3465 833 3507 a'
852 3463 960 3509 suoi
1001 3462 1156 3507 carmi
1199 3461 1440 3517 amatorii,
1477 3476 1504 3508 e
1545 3462 1899 3518 specialmente
1930 3475 1961 3508 a
1988 3463 2154 3517 quello
2184 3464 2247 3508 de
2275 3465 2390 3508 arte

244 3534 482 3589 amandi,
509 3547 662 3579 causa
692 3532 771 3578 del
802 3547 891 3579 suo
921 3532 1080 3580 esilio.

262 3645 265 3650 .
373 3606 414 3649 9.
439 3607 511 3650 ut
551 3604 783 3650 cecidi:
823 3618 848 3649 ‹
878 3617 1077 3659 appena
1105 3603 1252 3650 ceddi
1280 3614 1319 3658 ›‚
1347 3604 1414 3649 mi
1442 3603 1602 3649 facoio
1646 3602 1904 3649 banditore
1935 3603 2068 3650 della
2105 3603 2205 3649 mia
2243 3616 2386 3648 sven-

241 3679 368 3729 tura,
397 3675 585 3729 prendo
614 3688 645 3721 a
673 3674 882 3720 materia
911 3674 985 3720 de'
1004 3674 1120 3720 miei
1139 3675 1271 3720 versi
1293 3674 1442 3720 imali
1465 3675 1545 3720 del
1565 3673 1663 3724 mio
1684 3674 1826 3722 esilio
1848 3687 1875 3720 e
1895 3673 2000 3720 cosi
2021 3687 2140 3719 sono
2160 3673 2209 3719 io
2229 3677 2386 3720 stesso

241 3749 403 3790 attere
433 3745 567 3790 della
588 3745 799 3792 materia
828 3745 893 3791 da
921 3759 997 3791 me
1026 3748 1247 3791 trattata.

349 3818 414 3862 11.
446 3814 789 3871 Caystrius
832 3817 1000 3872 aloe,
1044 3830 1069 3861 ‹
1097 3816 1133 3861 il
1163 3817 1308 3870 cigno
1337 3826 1377 3871 ›‚
1420 3816 1503 3861 dal
1545 3816 1690 3862 fiume
1732 3814 1926 3861 Caistro
1970 3817 2219 3860 scon-rente
2248 3814 2382 3859 nella

242 3885 400 3932 Lidia.
425 3887 451 3931 I
476 3887 616 3942 poeti
644 3886 828 3933 antichi
859 3888 1148 3934 esaltavano
1178 3887 1587 3934 concordemente
1615 3886 1822 3932 l‘ultimo
1841 3887 1987 3931 canto
2008 3884 2087 3929 del
2108 3884 2269 3939 cigno,
2295 3886 2385 3931 ohe

242 3970 352 4004 esso
381 3957 562 4003 manda
586 3958 750 4014 prima
778 3958 829 4003 di
855 3959 1051 4005 morire.
1078 3982 1132 3991 —
1158 3959 1404 4013 iacens,
1430 3958 1543 4003 vale
1572 3957 1773 4011 debilis,
1799 3957 2166 4004 moribundus.
