2840 4464
378 241 446 294 72
1308 259 1604 302 'rms‘mmu
2809 164 2815 383 ⁴

551 361 646 428 Sic
690 382 797 450 ego
841 363 1085 430 delicias
1130 374 1190 430 et
1232 366 1443 432 mollia
1486 365 1758 433 carmina
1802 365 1932 443 feci,
2811 388 2812 391 ¹

631 466 949 532 strinxerit
992 477 1061 534 ut
1104 488 1332 534 nomen
1377 468 1583 535 fabula
1628 471 1798 536 nulla
1842 488 2069 536 meum.
2396 469 2528 536 350
2811 398 2817 603 1

547 566 665 634 Nec
707 570 1029 656 quisquam
1073 581 1164 637 est
1205 571 1357 638 adeo
1401 572 1604 637 media
1647 573 1722 638 de
1765 571 1945 658 plebe
1988 570 2262 649 marituS,
2359 613 2366 617 -

633 681 700 737 ut
743 670 965 740 dubius
1011 673 1159 739 vitio
1205 674 1280 739 sit
1324 684 1500 761 pater
1544 675 1649 740 ille
1692 694 1846 740 meo.

548 771 739 839 Crede
783 775 960 853 mihi,
1007 774 1236 842 distant
1279 797 1482 843 mores
1527 799 1562 842 a
1605 777 1878 843 carmine
1922 786 2165 842 nostro:

632 876 756 941 vita
801 878 1143 944 verecunda
1188 888 1296 957 est,
1343 899 1517 945 musa
1563 879 1755 945 iocosa
1800 899 1954 957 mea,

544 998 885 1065 magnaque
929 1001 1070 1066 pars
1115 1001 1371 1067 operum
1417 983 1684 1048 mendax
1728 991 1788 1048 et
1833 982 1969 1048 ficta
2014 1001 2313 1060 meorum,
2389 981 2511 1048 355

628 1083 769 1166 plus
814 1083 927 1149 sibi
973 1084 1257 1170 permisit
1300 1084 1708 1170 compositore
1751 1105 1877 1151 suo.

543 1181 662 1249 Nec
709 1185 865 1250 liber
908 1186 1203 1253 indicium
1249 1197 1340 1253 est
1383 1188 1596 1266 animi,
1642 1188 1747 1253 sed
1795 1188 2049 1253 honesta
2093 1189 2395 1268 voluntaS,

627 1287 895 1372 plurima
939 1290 1277 1356 mulcendis
1322 1291 1574 1357 auribus
1618 1300 1758 1377 apta
1802 1290 2023 1356 ferens

544 1388 751 1456 Accius
795 1402 952 1458 esset
995 1402 1187 1471 atrox,
1234 1405 1492 1459 conviva
1536 1392 1856 1459 Terentius
1900 1403 2075 1473 esset,

629 1502 830 1558 essent
872 1515 1176 1582 pugnaces
1219 1496 1322 1582 qui
1369 1495 1496 1561 sera
1544 1496 1702 1562 bella
1747 1505 1990 1562 canunt.
2387 1495 2516 1562 360

542 1592 823 1681 Denique
866 1598 1177 1685 composui
1222 1608 1465 1665 teneros
1511 1619 1633 1665 non
1677 1601 1842 1665 solus
1885 1619 2151 1664 amores:

628 1700 959 1785 composito
1002 1721 1231 1787 poenas
1275 1704 1439 1768 solus
1482 1722 1692 1768 amore
1736 1702 1894 1767 dedi.

544 1800 721 1883 Quid,
768 1803 883 1868 nisi
931 1825 1068 1871 cum
1114 1805 1308 1871 multo
1353 1803 1657 1870 Venerem
1703 1803 2076 1871 confundere
2121 1804 2285 1878 vino,
2347 1841 2354 1845 -

638 1906 947 1993 praecepit
991 1908 1159 1994 lyrici
1209 1907 1352 1973 Teia
1397 1907 1563 1974 Musa
1610 1908 1812 1973 senis?

541 2009 752 2076 Lesbia
797 2010 944 2097 quid
990 2010 1190 2077 docuit
1236 2010 1504 2097 Sapplm,
1552 2011 1671 2076 nisi
1707 2031 1914 2076 amare
1956 2011 2229 2098 puellas?
2389 2009 2513 2076 365

627 2122 755 2179 tuta
800 2123 1005 2179 tamen
1052 2113 1321 2201 Sappho,
1369 2124 1535 2181 tutus
1580 2123 1640 2179 et
1683 2114 1790 2179 ille
1826 2113 1957 2180 suit.

451 2395 546 2439 349.
575 2393 876 2449 delicias,
904 2407 928 2440 <
956 2393 1127 2448 poesie
1157 2394 1377 2448 leggiere
1406 2405 1446 2440 ›.
1474 2416 1526 2426 —
1553 2394 1808 2450 mollia,
1836 2406 1860 2437 ‹
1889 2393 2120 2447 amorosi‚
2142 2393 2314 2439 lascivi
2344 2405 2383 2438 ›.

452 2484 547 2528 350.
572 2483 949 2537 strinxerit,
977 2482 1083 2528 cioe
1114 2483 1341 2529 laeserit.
1368 2506 1422 2514 -
1442 2482 1707 2538 fabula,
1734 2495 1757 2527 ‹
1787 2481 2092 2526 meldicenza
2119 2493 2159 2527 ›.

451 2572 547 2617 351.
576 2571 755 2625 adeo,
782 2584 806 2615 ‹
835 2574 971 2616 tanto
1002 2570 1028 2615 ὲ
1058 2584 1174 2616 vero
1205 2570 1295 2616 ohe
1329 2581 1367 2615 ›.

450 2661 545 2704 352.
574 2659 829 2714 dubius,
856 2672 880 2703 ‹
910 2658 1114 2713 incerto,
1153 2672 1251 2704 non
1284 2663 1418 2704 certo
1448 2669 1488 2714 >3
1515 2659 1660 2713 vitio,
1688 2671 1712 2702 ‹
1731 2671 1823 2713 per
1854 2658 2001 2712 oolpa
2019 2669 2070 2714 ›;
2094 2660 2266 2713 pater,
2296 2671 2321 2702 ‹
2354 2657 2511 2712 padre

372 2729 453 2775 dei
482 2729 591 2775 suoi
617 2730 824 2784 figliuoli
854 2741 892 2774 ›.

447 2821 542 2864 356.
569 2820 1017 2875 compositore,
1044 2830 1068 2863 <
1098 2818 1386 2864 dell’autore
1416 2818 1507 2863 che
1537 2819 1582 2863 le
1611 2817 1677 2862 ha
1706 2822 1957 2873 composta
1987 2829 2025 2864 ›.

449 2909 544 2953 357.
571 2908 842 2953 honesta
877 2907 1206 2962 voluntas,
1234 2907 1338 2952 scil.
1364 2907 1622 2952 indicium
1650 2910 1725 2951 est
1754 2907 1924 2952 animi
1949 2908 2066 2952 mei.
2079 2906 2323 2952 Abbiamo
2347 2906 2514 2961 prefe-

368 2978 465 3024 rito
493 2980 739 3024 voluntas
769 2979 845 3023 col
875 2977 1036 3024 Guelf.
1064 2978 1111 3023 al
1140 2979 1387 3033 voluptas
1417 2978 1496 3022 del
1526 2978 1637 3023 Vat.

450 3069 545 3113 358.
571 3066 956 3120 mulcendis,
990 3079 1017 3111 ‹
1046 3069 1146 3111 atto
1185 3081 1215 3110 a
1243 3079 1501 3111 oarezzare
1531 3079 1559 3111 o
1589 3066 1860 3119 rallegrare
1890 3077 1928 3112 >.
1954 3090 2007 3098 —
2033 3067 2255 3121 ferens
2297 3066 2372 3111 ool
2402 3066 2455 3110 L.
2485 3079 2511 3111 e

371 3138 496 3192 vat„
523 3151 615 3192 per
635 3139 775 3191 feret
803 3137 883 3182 del
914 3136 1076 3182 Guelf.

448 3227 543 3270 359.
569 3224 773 3270 Accius.
801 3226 846 3270 A
873 3226 1012 3270 voler
1038 3228 1383 3278 argomentare
1413 3225 1544 3270 dalle
1573 3225 1668 3270 mie
1698 3238 1848 3279 opere
1888 3226 1937 3270 la
1973 3225 2073 3270 mia
2109 3229 2513 3279 scostumatezza‚

369 3297 412 3342 si
442 3296 691 3342 dovrebbe
720 3309 842 3351 pure
872 3309 1107 3341 accusare
1137 3296 1183 3340 di
1215 3295 1440 3340 crudeltit
1467 3296 1634 3352 Accio,
1649 3296 1738 3341 che
1768 3297 1946 3341 scrisse
1966 3295 2203 3350 tragedia,
2221 3296 2269 3341 di
2289 3296 2514 3350 gozzovi-

368 3366 473 3421 glia
501 3366 751 3422 Terenzio,
777 3367 906 3412 nelle
936 3367 1016 3413 eui
1044 3366 1313 3412 commedio
1344 3367 1383 3411 si
1413 3366 1681 3412 banchetto
1709 3371 1925 3413 sovente.

447 3457 542 3500 361.
571 3456 897 3515 composui
932 3467 1055 3501 non
1091 3455 1295 3509 solus,
1324 3467 1348 3500 <
1378 3469 1476 3500 non
1505 3454 1577 3500 fui
1607 3454 1641 3499 il
1671 3456 1776 3500 solo
1806 3469 1836 3500 a
1865 3469 2122 3510 comporre
2152 3466 2190 3500 ›.

448 3544 542 3588 362.
570 3544 945 3600 composito,
972 3556 997 3587 ‹
1024 3557 1116 3597 per
1146 3555 1264 3587 aver
1291 3535 1487 3597 p'arlato
1518 3554 1556 3587 ›.

446 3634 542 3677 363.
570 3631 987 3688 confundere,
1014 3645 1038 3678 <
1067 3631 1375 3686 intrecciare‚
1402 3632 1737 3685 congiungere
1768 3642 1804 3676 >.

446 3724 541 3767 364.
577 3720 753 3766 Teia:
778 3719 1105 3776 Anacreonte,
1131 3719 1297 3766 nativo
1328 3720 1580 3766 dell’isola
1608 3719 1657 3765 di
1677 3721 1792 3776 Teo,
1809 3720 1940 3766 visse
1966 3720 2060 3766 fino
2082 3722 2378 3767 all'estrema
2398 3733 2511 3766 veo-

368 3792 579 3838 chiezza.

447 3882 540 3926 365.
567 3880 827 3936 Lesbia,
857 3880 1028 3926 nativa
1057 3879 1105 3924 di
1135 3880 1311 3925 Lesb0.
1340 3904 1392 3912 —
1414 3881 1603 3936 puell
1614 3893 1708 3934 as,
1736 3894 1872 3934 sogg.
1900 3880 2110 3926 dell'inf.

446 3969 541 4011 366.
570 3971 733 4025 tuta,
760 3981 786 4014 <
814 3968 1055 4023 impunita
1083 3979 1124 4014 ›.
1149 3992 1202 4000 -
1231 3969 1372 4024 ille,
1400 3968 1507 4014 cioe
1537 3969 1864 4014 Anacreonte.
