2840 4464
394 191 492 248 184
1309 210 1603 254 'rms'rmu

559 316 651 382 Da
697 316 851 382 mihi
897 326 1053 395 tura,
1101 339 1276 404 puer,
1321 318 1580 405 pingues
1627 318 1902 384 facientia
1950 317 2245 394 flammaS,

650 418 934 504 quodque
976 419 1079 505 pio
1124 420 1328 487 fusum
1372 420 1592 485 stridat
1636 420 1700 484 in
1746 419 1906 506 igne,
1953 439 2215 486 merum.

563 518 811 606 Optime
853 519 1103 586 Natalis!
1155 522 1436 608 quamvis
1479 523 1689 608 procul
1734 522 2043 600 absumus,
2088 530 2228 607 opto

646 621 938 689 candidus
985 623 1103 688 huc
1148 623 1358 689 venias
1402 623 1838 708 dissimilisque
1866 643 2023 700 mec,

563 724 611 789 si
652 725 814 809 quod
859 734 921 790 et
963 721 1227 791 instabat
1269 726 1556 791 dominae
1599 724 1948 791 miserabile
1994 727 2235 801 vuanS,
2468 724 2561 788 15

647 827 726 891 sit
768 826 1088 913 perfuncta
1132 827 1285 893 meis
1329 838 1572 913 tempus
1616 828 1682 892 in
1726 846 1908 893 omne
1955 825 2159 907 malis3

562 949 839 1015 quaeque
868 930 1038 1015 gravi
1070 949 1271 1016 nuper
1298 932 1440 1016 plus
1470 950 1656 1015 quam
1685 929 1965 1015 quassata
1993 930 2257 1014 procella
2286 937 2398 1007 est,

648 1031 811 1116 quod
854 1043 1151 1117 superest,
1197 1042 1398 1098 tutum
1442 1052 1555 1118 per
1599 1051 1770 1097 mare
1812 1031 1987 1096 navis
2030 1041 2142 1097 eat.

559 1133 669 1198 Illa
714 1132 895 1198 domo
940 1143 1202 1220 nataque
1246 1156 1353 1200 sua
1396 1135 1719 1220 patriaque
1762 1133 2002 1199 fruatur
2046 1171 2126 1181 -—

645 1235 856 1321 erepta
901 1235 1050 1301 haec
1092 1236 1200 1303 uni
1247 1236 1326 1301 sit
1369 1237 1514 1302 satis
1557 1257 1688 1302 esse
1729 1235 1885 1301 mihi
1932 1273 2035 1313 —,
2455 1237 2552 1302 20

559 1347 861 1423 quatenus
905 1348 966 1403 et
1009 1357 1133 1404 non
1179 1348 1270 1404 est
1312 1339 1376 1403 in
1424 1359 1561 1404 caro
1604 1339 1856 1425 coniuge
1900 1338 2066 1413 felix,

644 1460 788 1526 pars
833 1440 995 1505 vitae
1038 1439 1196 1505 tristi
1241 1440 1440 1506 cetera
1485 1441 1649 1506 nube
1693 1449 1880 1506 vacet.

560 1540 740 1607 Vivat
782 1552 1067 1628 ametque
1110 1542 1337 1621 virum,
1382 1543 1674 1628 quoniam
1717 1543 1802 1608 sic
1842 1543 2092 1629 cogitur,
2123 1542 2360 1619 absenS,

646 1655 1083 1730 consumatque
1127 1665 1342 1725 annOS,
1388 1644 1494 1711 sed
1539 1645 1851 1723 diuturna,
1898 1665 2054 1711 suos,

561 1746 882 1813 Adi’cerem
926 1757 986 1812 et
1030 1757 1294 1827 nostros3
1341 1747 1447 1814 sed
1493 1768 1572 1813 ne
1615 1746 1887 1834 contagia
1931 1747 2036 1812 fati
2449 1747 2536 1811 25

646 1860 1041 1936 corrumpant
1087 1850 1289 1928 timec,
1336 1870 1488 1935 quos
1532 1850 1655 1936 agit
1697 1850 1848 1935 ipsa,
1893 1850 2036 1916 mei.

559 1951 654 2017 Nil
704 1951 940 2018 homini
986 1962 1219 2018 certum
1263 1963 1371 2019 est.
1417 1952 1578 2018 Fieri
1624 1953 1759 2038 quis
1802 1971 1977 2037 posse
2014 1960 2276 2037 putaret,
2364 1964 2367 1967 ’

642 2065 710 2120 ut
754 2055 1015 2122 facerem
1059 2055 1123 2119 in
1168 2054 1385 2120 mediis
1432 2055 1580 2120 haec
1623 2075 1732 2141 ego
1778 2075 1943 2120 sacra
1989 2054 2188 2120 Getis?

558 2156 787 2242 Aspice,
833 2167 901 2222 ut
943 2156 1092 2222 aura
1136 2166 1342 2223 tamen
1387 2156 1587 2222 fumos
1629 2176 1664 2221 e
1710 2167 1845 2222 ture
1888 2166 2121 2222 coortos

642 2261 708 2323 in
753 2270 956 2345 partes
999 2259 1177 2325 Italas
1219 2270 1280 2326 et
1324 2262 1452 2326 loca
1495 2260 1711 2326 dextra
1756 2260 1927 2326 ferat.
2442 2257 2526 2324 30

495 2572 560 2618 12.
579 2569 831 2624 fusum,
873 2582 897 2613 ‹
925 2582 1099 2624 sparso
1142 2570 1224 2613 nel
1266 2569 1410 2615 fuoco
1441 2580 1483 2623 ›,
1509 2569 1558 2614 in
1588 2568 1749 2615 forma
1792 2569 1842 2614 di
1882 2567 2142 2614 libazione.
2171 2591 2224 2599 —
2262 2566 2532 2620 stridat,

385 2651 411 2686 <
440 2639 706 2694 scoppietti
734 2650 774 2694 ›‚
800 2652 892 2693 per
918 2640 1153 2684 l'essenze
1184 2639 1391 2684 odoi-ose
1424 2639 1473 2683 di
1501 2639 1579 2684 cui
1610 2653 1694 2683 era
1723 2636 1995 2684 commisto.

493 2726 559 2767 14.
586 2736 611 2768 ο
623 2736 656 2767 a
666 2735 704 2767 n
715 2723 779 2767 di
791 2723 825 2767 d
834 2736 871 2767 u
881 2736 908 2767 8
935 2722 1046 2767 vale
1069 2722 1219 2778 selim,
1248 2722 1435 2768 laetus.

492 2809 559 2851 16.
584 2807 672 2851 sit
705 2805 1087 2861 perfuncta,
1132 2818 1156 2850 ‹
1185 2805 1275 2850 che
1305 2818 1419 2850 essa
1454 2803 1646 2849 l'abbia
1683 2806 1905 2849 scontato
1943 2803 2019 2849 coi
2058 2802 2176 2847 mali
2213 2801 2327 2847 miei
2356 2812 2395 2855 ›‚
2432 2814 2525 2846 con

383 2878 552 2933 quello
582 2877 689 2922 eioe
720 2876 809 2921 che
838 2876 1040 2922 sofferse
1069 2890 1161 2930 per
1190 2877 1236 2920 le
1266 2875 1361 2921 mie
1391 2879 1637 2921 sventure.

492 2964 556 3006 17.
585 2973 869 3017 quaeque
900 2960 941 3005 si
969 2959 1193 3005 riferisce
1223 2974 1254 3005 a
1280 2960 1449 3005 navis.

495 3049 562 3090 18.
591 3045 756 3100 quod
797 3047 1129 3099 superest,
1170 3057 1195 3088 ‹
1223 3057 1314 3098 per
1345 3042 1609 3087 l'avvenire
1640 3055 1677 3086 ›.

493 3131 558 3174 19.
584 3132 775 3179 nata,
810 3127 949 3181 figlia
991 3127 1116 3171 d’un
1155 3127 1455 3181 precedente
1503 3125 1839 3181 matrimonio,
1880 3139 1906 3169 e
1951 3124 2123 3179 quindi
2165 3124 2405 3177 figliastra
2447 3122 2525 3167 del

385 3203 549 3255 poeta.

491 3284 558 3327 20.
588 3285 840 3337 erepta,
869 3281 973 3327 scil.
996 3282 1201 3337 patria.

489 3368 556 3410 21.
586 3369 935 3421 quatenus,
972 3378 996 3410 ‹
1027 3364 1088 3410 ad
1120 3363 1376 3410 eceezione
1408 3364 1540 3409 che...
1568 3374 1607 3408 ›.

490 3451 558 3495 24.
588 3449 936 3503 diuturna,
966 3461 990 3492 ‹
1022 3447 1129 3494 sino
1159 3447 1260 3492 alla
1286 3447 1376 3502 piu
1404 3447 1548 3492 tarda
1580 3446 1661 3491 etit
1689 3458 1727 3490 ›.

489 3537 557 3579 25.
586 3534 906 3578 adicerem
948 3536 1004 3576 et
1043 3545 1157 3577 nos
1170 3536 1329 3586 tros,
1357 3530 1463 3576 scil.
1493 3544 1661 3576 annos
1690 3533 1990 3575 consumat:
2018 3530 2106 3575 che
2136 3529 2271 3575 sieno
2300 3529 2519 3583 aggiunti

384 3619 415 3650 a
440 3605 509 3650 lei
537 3603 608 3658 gli
637 3603 753 3648 anni
781 3602 871 3648 che
901 3602 1031 3648 forse
1061 3615 1150 3647 son
1180 3601 1409 3647 riserbati
1441 3614 1625 3646 ancora
1653 3614 1683 3645 a
1710 3613 1815 3656 me;
1843 3615 1924 3645 ma
1951 3604 2081 3645 temo
2110 3601 2200 3646 che
2237 3600 2270 3644 il
2306 3603 2519 3645 contatto

383 3676 460 3721 col
490 3673 587 3719 mio
619 3673 811 3719 destino
841 3673 1035 3718 funesto
1065 3687 1217 3727 possa
1245 3672 1497 3717 funestare
1528 3669 1683 3716 anche
1711 3670 1763 3715 la
1795 3683 1884 3715 sua
1911 3670 2031 3715 vita.

488 3760 556 3803 26.
586 3770 769 3812 quos,
798 3757 902 3802 scil.
930 3770 1112 3802 annos.

487 3842 555 3885 30.
584 3840 840 3895 dooetra,
877 3840 1002 3886 dove
1047 3840 1088 3884 si
1131 3843 1339 3885 trovava
1379 3841 1602 3893 appunto
1645 3838 1838 3883 l’Italia.
1874 3837 2090 3892 Bisogna
2116 3836 2456 3892 immuginarsi
2482 3837 2515 3881 il

381 3914 533 3963 poeta
561 3920 698 3952 come
728 3909 904 3954 rivolto
931 3923 1075 3954 verso
1107 3910 1141 3954 il
1171 3923 1277 3954 mar
1306 3910 1455 3954 Nero.
