2840 4464
466 213 566 267 142
1385 227 1680 268 Tms‘rmu

1494 532 1585 598 111.

632 703 846 791 Magna
890 704 1219 790 minorque
1262 703 1447 781 serae,
1494 724 1757 789 quarum
1800 702 1960 788 regis
2003 702 2195 768 altera
2238 701 2476 780 GraiaS‚

720 808 912 873 altera
956 806 1257 883 SidoniaS,
1304 806 1567 892 utra'que
1608 805 1780 883 sicca,
1827 815 2006 882 rates,

631 908 841 974 omnia
883 929 1023 974 cum
1066 928 1308 974 summo
1350 907 1586 994 positae
1629 906 1887 973 videatis
1928 907 1995 972 in
2040 926 2172 983 axe,

718 1021 780 1076 et
822 1011 1011 1075 maris
1052 1010 1329 1076 occiduas
1374 1030 1499 1075 non
1547 1010 1811 1075 subeatis
1855 1030 2061 1094 aqum,

629 1112 1093 1200 aetheriamque
1135 1115 1261 1179 suis
1302 1113 1553 1197 cingens
1594 1113 1981 1199 amplexibus
2022 1131 2225 1177 arcem
2580 1111 2617 1174 ὃ

716 1225 920 1281 vester
962 1215 1040 1281 ab
1084 1216 1308 1281 intacta
1351 1215 1614 1281 circulus
1656 1224 1852 1281 exstet
1899 1215 2124 1280 humo:

628 1316 880 1403 aspicite
924 1318 1050 1394 illa,
1096 1338 1332 1404 precor,
1379 1337 1538 1402 quae
1581 1337 1707 1382 non
1751 1317 1910 1383 bene
1953 1316 2195 1382 moenia
2239 1313 2564 1400 quondam

715 1418 939 1484 dicitur
980 1418 1197 1485 Iliades
1240 1418 1628 1484 transiluisse
1671 1418 1916 1495 RemuS,

630 1519 819 1606 inque
860 1541 1064 1587 meam
1108 1521 1335 1586 nitidos
1377 1520 1694 1586 dominam
1736 1519 2073 1586 convertite
2119 1520 2348 1596 vultus,

714 1622 911 1707 sitque
955 1643 1196 1688 memor
1238 1622 1432 1688 nostri
1479 1642 1689 1699 necne,
1739 1621 1961 1688 referte
2004 1621 2181 1685 mihi.
2538 1620 2619 1684 10

630 1722 695 1787 Ei
741 1724 918 1802 mihi,
964 1746 1072 1790 cur
1114 1725 1409 1789 timeam?
1457 1745 1613 1810 quae
1657 1734 1803 1789 sunt
1844 1723 2185 1801 manifesta,
2232 1721 2517 1807 requiro:

715 1846 825 1892 cur
868 1827 1014 1892 latet
1056 1826 1342 1913 ambiguo
1386 1847 1525 1912 spes
1569 1846 1706 1892 mea
1750 1827 1942 1891 mixta
1987 1830 2197 1891 metu?

630 1927 844 2005 Crede,
890 1928 1053 2013 quod
1097 1937 1189 1994 est
1231 1939 1293 1994 et
1337 1929 1450 2006 viS,
1497 1949 1565 1993 ac
1607 1927 1825 1994 des‘l'ne
1869 1937 1999 1993 tuta
2043 1927 2265 2004 vereri,

712 2029 913 2116 deque
960 2030 1080 2096 fide
1122 2040 1285 2096 certa
1330 2031 1409 2096 sit
1453 2031 1563 2095 tibi
1608 2031 1774 2096 certa
1820 2031 1990 2096 fides,

631 2131 917 2218 quodque
959 2134 1101 2219 polo
1147 2133 1304 2198 fixae
1348 2143 1665 2218 nequeunt
1705 2132 1818 2198 tibi
1862 2132 2064 2198 dicere
2108 2133 2413 2209 flammae,
2540 2132 2619 2195 15

721 2255 845 2300 non
889 2236 1225 2302 mentitura
1268 2246 1334 2302 tu
1379 2236 1492 2302 tibi
1538 2256 1683 2302 voce
1724 2234 1918 2302 refer:

541 2449 771 2503 Elegia
796 2450 930 2504 111,
960 2450 1010 2494 in
1039 2450 1151 2495 lode
1180 2450 1314 2495 della
1341 2450 1522 2503 moglie
1553 2450 1817 2495 affettuosa
1845 2463 1871 2494 e
1899 2449 2077 2495 fedele.

597 2523 635 2564 1.
661 2531 895 2574 mayna
931 2522 1266 2576 minorque
1299 2522 1483 2576 ferae
1510 2525 1656 2570 (nom.
1682 2520 1841 2575 plum:
1868 2521 2016 2566 l’orsa
2036 2519 2290 2573 maggior-e
2310 2531 2337 2564 θ
2354 2519 2508 2564 l'orsa
2527 2519 2620 2564 mi-

460 2603 597 2645 nore,
628 2590 678 2634 di
706 2591 784 2635 cui
814 2590 865 2634 la
891 2591 1053 2644 prima
1082 2591 1278 2636 serviva
1306 2591 1355 2635 di
1384 2591 1539 2645 guida
1567 2591 1615 2635 ai
1642 2590 1896 2644 naviganti
1926 2591 2087 2645 Greci,
2112 2591 2275 2635 l'altra
2292 2590 2341 2634 ai
2359 2588 2620 2635 Feniei.—-

460 2662 657 2717 reaia:
682 2661 851 2714 verbo,
876 2674 974 2706 non
1002 2663 1162 2716 req-is
1187 2674 1346 2706 nome.
1372 2685 1426 2692 —
1457 2662 1689 2716 altera,
1715 2674 1740 2706 <
1768 2662 1900 2706 l’una
1927 2671 1966 2705 ›.

596 2733 637 2776 2.
663 2734 941 2786 utraque
980 2731 1179 2787 sicca,
1208 2731 1391 2786 perche
1420 2745 1520 2776 non
1546 2731 1597 2775 vi
1634 2732 1849 2785 bagnate
1892 2731 1990 2776 mai
2031 2731 2357 2785 nell'Oceano,
2387 2742 2435 2780 θ,
2471 2743 2619 2776 come

461 2801 803 2847 costellazioni
833 2766 1196 2856 circumponit-i,
1223 2814 1319 2846 non
1347 2804 1645 2847 tramontate
1676 2802 1788 2846 mai.

591 2874 634 2917 3.
661 2885 801 2925 axe,
827 2884 852 2916 ‹
882 2872 1008 2916 ciclo
1039 2881 1088 2917 ›:
1116 2884 1226 2918 esse
1256 2876 1433 2917 stanno
1463 2885 1659 2926 sempre
1688 2872 1738 2916 in
1768 2885 1933 2917 mezzo
1963 2873 2011 2918 al
2040 2872 2183 2917 eielo.

593 2944 634 2987 5.
663 2942 1172 2997 aetheriamque:
1201 2956 1227 2987 e
1257 2943 1307 2987 la
1334 2947 1505 2987 vostra
1533 2942 1697 2987 orbita
1738 2945 1776 2987 ε’
1779 2942 1954 2996 aggira
1995 2942 2189 2987 intorno
2218 2942 2267 2986 al
2293 2942 2410 2996 polo
2439 2941 2618 2994 artico,

455 3026 607 3058 senza
633 3017 831 3057 toccare
859 3013 909 3056 la
937 3015 1085 3057 terra.
1111 2998 1151 3056 i:
1173 3013 1207 3057 il
1227 3013 1495 3058 medesimo
1514 3013 1745 3067 pensiero
1765 3026 1994 3068 espresso
2015 3013 2098 3066 gie
2116 3012 2227 3058 coll'
2227 3016 2455 3067 utraque
2472 3013 2620 3057 sicea

458 3096 488 3128 e
519 3083 596 3128 col
625 3083 794 3127 marie
825 3083 1080 3127 occiduas.

592 3156 633 3197 6.
663 3156 894 3207 exstet,
926 3165 950 3196 <
980 3152 1185 3208 spicam,
1215 3153 1336 3198 resti
1364 3154 1570 3198 lontano
1598 3163 1638 3199 ›.

593 3226 632 3268 7.
660 3223 786 3267 illa
821 3224 1101 3278 moenia,
1129 3224 1175 3268 le
1205 3237 1347 3269 mura
1375 3224 1426 3268 di
1463 3224 1638 3269 Roma.
1675 3248 1728 3255 —
1763 3237 1889 3269 non
1932 3225 2112 3279 bene,
2156 3236 2181 3267 ‹
2221 3236 2313 3269 con
2355 3237 2444 3269 suo
2484 3237 2617 3277 gran

460 3293 627 3339 danno
657 3303 697 3337 ›.

591 3364 632 3407 8.
663 3361 945 3416 Iliades,
970 3362 1079 3408 cioe
1106 3363 1248 3408 Iliae
1267 3364 1436 3419 filius.

588 3436 630 3478 9.
659 3446 715 3476 m
726 3446 751 3478 e
763 3446 861 3477 am
901 3433 972 3478 do
983 3434 1244 3486 minam,
1273 3448 1298 3478 ‹
1314 3434 1412 3479 mia
1428 3434 1608 3488 moglie
1626 3444 1666 3489 ›,
1684 3434 1734 3479 in
1749 3432 2041 3480 conformitiz
2056 3434 2260 3479 dell'uso
2275 3434 2618 3480 meridionale.

573 3506 640 3548 10.
666 3516 882 3558 necne,
908 3516 934 3548 ‹
963 3516 992 3548 o
1021 3517 1117 3558 pur
1144 3517 1208 3549 no
1237 3514 1275 3549 ›.

569 3578 632 3619 11.
660 3575 938 3628 timeam,
966 3574 1042 3619 eol
1074 3574 1146 3628 G„
1171 3574 1240 3628 L„
1267 3575 1319 3618 P.
1349 3588 1375 3619 e
1403 3575 1479 3628 V„
1505 3588 1599 3629 per
1623 3575 1854 3621 nimium
1883 3575 2011 3620 delle
2041 3574 2238 3621 antiche
2267 3574 2490 3620 edizioni.

566 3646 634 3689 12.
665 3644 845 3698 latet,
875 3644 953 3688 eol
981 3644 1054 3698 L.‚
1079 3655 1172 3698 per
1201 3645 1352 3689 labat
1378 3645 1469 3689 che
1499 3644 1539 3689 si
1570 3646 1716 3699 legge
1747 3646 1951 3691 altrove.

567 3716 632 3758 14.
663 3715 859 3770 deque
890 3714 1030 3768 fide,
1047 3728 1071 3759 <
1088 3714 1150 3758 ed
1170 3715 1286 3760 abbi
1307 3714 1450 3760 salda
1467 3714 1650 3760 fiducia
1678 3728 1704 3761 e
1734 3716 1986 3760 sicurezza
2011 3715 2147 3760 nella
2173 3715 2359 3761 fedelt&
2385 3720 2613 3763 costante

459 3783 511 3828 di
542 3787 632 3828 tua
659 3784 843 3837 moglie
877 3794 917 3828 ›.

567 3856 633 3898 15.
651 3866 695 3908 p
707 3854 804 3898 olo
824 3854 929 3909 fix
941 3868 975 3899 a
985 3867 1011 3899 e
1030 3855 1203 3910 flam
1214 3869 1267 3900 m
1280 3869 1313 3899 a
1324 3869 1373 3901 e:
1399 3856 1447 3901 le
1477 3855 1573 3901 due
1594 3869 1705 3901 orse
1727 3856 1775 3901 di
1796 3870 1946 3912 sopra
1965 3857 2285 3912 menzionate‚
2304 3857 2384 3903 oui
2402 3856 2614 3905 indat-no

458 3922 525 3966 ha
554 3921 787 3969 richiesto
817 3924 968 3969 aiuto.
