2840 4464
1152 273 1339 316 LIBER
1376 274 1438 315 11.
2291 262 2357 314 77

392 378 508 446 Nec
550 380 656 466 qui
700 379 1017 467 descripsit
1059 380 1368 466 corrumpi
1413 380 1650 445 semina
1693 391 1980 458 matrum,
2231 379 2358 446 415

473 482 716 559 EubiuS,
761 483 1041 568 impurae
1085 482 1360 548 conditor
1406 483 1712 561 historiae,

386 605 499 651 nec
541 586 645 671 qui
690 586 1026 672 composuit
1070 605 1271 670 nuper
1315 585 1666 671 Sybaritica,
1713 585 1882 670 fugit,

475 708 587 753 nec
630 688 735 773 qui
779 687 1131 777 concubitus
1176 707 1302 753 non
1347 697 1590 771 tacuere
1634 708 1790 755 suos.

390 790 667 876 Suntque
711 810 782 856 ea
828 790 1141 857 doctorum
1188 790 1605 868 monumentis
1648 800 1812 857 texta
1858 791 2133 858 virorum

476 892 957 978 muneribusque
1001 893 1223 960 ducum
1266 892 1509 979 publica
1553 894 1705 961 sacta
1747 903 1973 980 patent.
2233 891 2360 959 420

388 996 551 1062 Neve
594 996 935 1082 peregrinis
980 1005 1217 1062 tantum
1261 996 1556 1062 defendar
1601 997 1677 1062 ab
1722 996 1936 1062 armis:

476 1108 537 1164 et
580 1099 888 1166 Romanus
934 1100 1118 1166 habet
1162 1101 1353 1167 multa
1397 1100 1593 1165 iocosa
1651 1100 1825 1167 liber.

393 1202 586 1287 thue
630 1223 738 1268 suo
782 1202 1037 1269 Martem
1080 1202 1297 1269 cecinit
1337 1203 1541 1290 gravis
1585 1202 1816 1270 Ennius
1859 1223 1984 1280 ore,

475 1305 705 1372 Ennius
747 1305 994 1393 ingenio
1037 1306 1362 1384 maximuS,
1408 1315 1540 1371 arte
1585 1306 1782 1385 rudis;

387 1410 649 1495 explicat
692 1418 759 1475 ut
802 1430 1009 1476 causas
1054 1408 1252 1495 rapidi
1298 1409 1611 1475 Lucretius
1656 1409 1831 1496 igniS‚
2231 1408 2356 1473 425

472 1531 877 1597 casurumque
920 1512 1146 1597 triplex
1191 1511 1558 1578 vaticinatur
1600 1531 1788 1596 opus:

388 1614 472 1678 sic
512 1634 620 1680 sua
664 1614 886 1679 lascivo
930 1623 1166 1679 cantata
1212 1623 1302 1678 est
1346 1633 1528 1698 saepe
1573 1611 1808 1679 Catullo

475 1716 719 1794 semina,
764 1716 859 1782 cui
907 1716 1126 1782 salsum
1173 1715 1382 1781 Lesbia
1429 1735 1654 1781 nomen
1700 1724 1863 1794 erat;

389 1838 500 1885 nec
541 1829 854 1885 contentus
898 1838 968 1885 ea
1012 1821 1238 1885 multos
1282 1818 1554 1906 vulgavit
1596 1838 1853 1895 amoreS,

475 1922 539 1987 in
585 1922 807 2007 quibus
851 1922 982 2007 ipse
1024 1941 1204 1988 suum
1248 1921 1440 1987 fassus
1483 1920 1853 1991 adulterium
1897 1929 2005 1985 est.
2234 1918 2362 1985 430

396 2023 508 2089 Par
551 2024 665 2109 fuit
708 2024 908 2112 exigui
954 2024 1292 2111 similisque
1336 2024 1576 2091 licentia
1622 2022 1809 2100 Calvi,

477 2127 706 2193 detexit
749 2127 935 2211 variis
978 2127 1084 2212 qui
1128 2148 1236 2193 sua
1279 2126 1440 2193 furta
1483 2125 1698 2192 modis,

393 2229 550 2314 Quid
596 2229 863 2308 referam,
898 2228 1159 2314 Ticidae,
1206 2230 1353 2317 quid
1397 2229 1644 2298 Memmi
1695 2250 1941 2296 carmen
1994 2228 2157 2315 apud
2208 2250 2359 2316 quos

477 2334 658 2400 rebus
701 2334 868 2422 adest
913 2319 1140 2400 nomen
1184 2334 1656 2418 nominibusque
1701 2334 1933 2419 pudor?

298 2515 394 2559 415.
422 2515 751 2569 corrumpi
804 2516 1053 2560 semina
1089 2527 1113 2558 ‹
1144 2514 1498 2568 interrompere
1539 2514 1556 2559 i
1598 2514 1972 2569 concepimenti,
2005 2527 2245 2569 procurer
2281 2515 2365 2560 l’a-

215 2584 363 2630 borto
391 2595 416 2627 ›
445 2585 645 2630 coll'uso
675 2585 726 2629 di
751 2585 952 2640 pozioni
989 2599 1015 2629 e
1053 2584 1103 2629 di
1132 2585 1337 2630 medele.
1364 2583 1451 2630 Cib
1481 2584 1588 2630 fece
1616 2584 1776 2630 Eubio
1815 2585 1866 2630 in
1907 2585 2167 2631 occasione
2208 2585 2257 2630 di
2299 2599 2366 2631 un

214 2659 452 2701 racconto
481 2655 678 2709 stoi-ico,
705 2656 786 2701 nel
817 2657 964 2710 quale
993 2655 1122 2701 dave.
1150 2668 1288 2701 come
1318 2656 1368 2700 la
1395 2655 1607 2701 formola
1634 2655 1923 2702 dell’aborto
1951 2660 2230 2711 procurato.

298 2729 393 2771 417.
418 2725 814 2782 Sybaritica,
843 2726 994 2772 carmi
1024 2726 1191 2771 osceni
1221 2725 1463 2781 composti
1494 2726 1558 2771 da
1584 2726 1873 2771 Emitheone
1902 2726 1948 2771 di
1981 2726 2157 2772 Sibari.

297 2799 392 2842 419.
422 2800 612 2851 texta,
641 2798 717 2842 col
747 2797 907 2842 Guelf.
936 2797 1106 2851 eVat.,
1131 2810 1223 2850 per
1249 2796 1418 2841 mixta
1448 2795 1537 2841 che
1566 2795 1615 2842 vi
1636 2796 1959 2841 sostituivano
1980 2797 2025 2841 le
2047 2796 2241 2843 antiche
2262 2797 2363 2842 edi-

217 2868 363 2922 zioni,
390 2881 414 2912 ‹
443 2867 660 2922 inserite,
688 2867 933 2913 ricordate
961 2879 1002 2912 ›.

299 2941 393 2984 420.
423 2939 651 2985 ducum
680 2951 704 2984 ‹
732 2938 813 2984 dei
843 2939 949 2984 loro
978 2938 1091 2992 capi
1121 2950 1151 2984 o
1180 2938 1445 2993 protettori
1474 2948 1512 2983 ›.

296 3011 392 3054 421.
418 3022 568 3054 neve
594 3010 705 3054 vale
735 3013 783 3053 et
810 3016 917 3054 ηεξ(
938 3021 964 3054 e
984 3008 1168 3064 perche
1189 3022 1284 3054 non
1313 3022 1341 3054 o
1371 3007 1578 3053 affinche
1608 3021 1704 3053 non
1733 3019 1768 3054 >.
1792 3032 1843 3040 —
1865 3010 1929 3053 ab
1961 3021 1984 3053 ‹
2004 3022 2096 3063 per
2124 3022 2287 3055 mezzo
2317 3021 2359 3052 ›.

298 3082 395 3126 422.
423 3083 486 3125 et
526 3092 550 3125 <
578 3080 627 3126 io
658 3079 908 3125 ricordero
937 3079 1027 3125 ohe
1057 3079 1212 3125 anche
1240 3090 1279 3124 ›.

298 3152 393 3195 423.
419 3150 693 3197 Martem
721 3164 745 3195 ‹
776 3150 825 3195 di
853 3164 1031 3204 guerre
1060 3161 1083 3192 >
1111 3150 1193 3195 nei
1221 3150 1330 3196 suoi
1356 3150 1552 3196 Annali.

298 3224 392 3268 425.
420 3235 534 3278 exp
547 3223 720 3267 licat.
739 3222 974 3267 Lucrezio
994 3222 1075 3267 nel
1095 3235 1184 3267 suo
1203 3235 1383 3277 poema
1402 3223 1466 3266 de
1484 3235 1665 3267 rerum
1679 3225 1881 3267 natura
1900 3223 2076 3277 spiega
2089 3224 2140 3268 la
2155 3223 2363 3278 cagione

220 3293 302 3339 del
332 3293 535 3339 fulmine
565 3293 764 3348 (rapidi
802 3293 959 3347 ionis)
988 3306 1014 3337 e
1042 3292 1245 3347 predice
1274 3293 1323 3336 la
1356 3292 1451 3337 fine
1485 3292 1598 3337 dell’
1610 3292 1855 3348 universo,
1886 3294 2020 3339 ossia
2052 3294 2184 3340 della
2216 3296 2369 3351 terra,

221 3365 303 3410 del
331 3376 465 3410 mare
495 3377 522 3409 e
552 3364 633 3408 del
661 3363 787 3408 cielo
815 3364 1038 3419 (triplex
1080 3368 1243 3419 opus).

298 3437 393 3480 428.
419 3435 621 3489 femin
636 3448 684 3489 a,
712 3433 819 3483 eloe
849 3432 1022 3479 ClodIa
1051 3433 1140 3479 che
1171 3433 1270 3487 egli
1299 3432 1444 3478 canto
1474 3436 1601 3478 sotto
1631 3433 1665 3477 il
1694 3446 1836 3480 nome
1866 3434 1915 3480 di
1943 3436 2140 3481 Lesbia.

298 3507 393 3550 431.
422 3506 651 3560 exiqui-
682 3505 850 3559 Calvo,
877 3508 1073 3550 oratore
1103 3518 1130 3549 e
1158 3507 1309 3558 poeta
1337 3508 1752 3558 contemporaneo
1791 3504 1840 3550 di
1880 3506 2091 3560 Catullo,
2126 3520 2153 3552 e
2193 3520 2363 3553 avver-

219 3575 352 3621 sario
393 3576 560 3621 feroce
603 3575 684 3622 dei
725 3574 992 3629 principali
1033 3575 1218 3620 uomini
1263 3573 1456 3629 politici
1500 3573 1577 3618 del
1621 3579 1802 3629 tempo,
1832 3588 1919 3621 era
1947 3576 1996 3620 di
2032 3576 2366 3631 piceolissima

221 3649 431 3693 statura.

299 3719 394 3762 432.
415 3718 608 3772 furta
637 3730 661 3761 ‹
690 3717 845 3763 amori
873 3715 1062 3767 furtivi,
1091 3715 1322 3768 nascosti,
1351 3716 1543 3771 coperti
1571 3726 1610 3760 ›.

297 3790 393 3833 433.
430 3787 712 3843 Ticidae,
736 3792 889 3843 poeta
917 3787 1140 3841 elegiaco
1169 3800 1196 3832 e
1224 3790 1419 3833 amante
1451 3786 1501 3831 di
1521 3786 1717 3833 Perille..
1745 3810 1796 3818 —
1824 3787 2088 3841 Memmi,
2113 3789 2265 3841 poeta
2302 3787 2362 3833 ed

217 3862 416 3906 oratore
446 3859 731 3905 avversario
760 3859 810 3904 di
839 3858 1035 3905 Cesare.

298 3933 392 3975 434.
420 3931 917 3986 nominibusque
954 3930 1169 3985 pudor
1198 3928 1249 3974 fa
1275 3928 1645 3984 propriamente
1673 3929 1720 3975 le
1749 3929 1855 3974 veci
1887 3929 1937 3974 di
1955 3942 2020 3975 un
2041 3928 2278 3975 attributo
2299 3931 2361 3975 ed

220 4000 448 4059 equivale
479 4014 509 4045 a
527 4001 802 4057 pudicum.
