2840 4464
411 210 510 269 196
1324 228 1618 270 'rmsrnm

575 335 849 422 Cumque
891 334 1318 423 perhorruerit
1359 348 1530 402 casus
1571 357 1716 423 pars
1758 337 2031 402 maxima
2075 348 2330 418 nostroS,
2473 343 2558 406 15

659 461 803 527 pars
846 440 1031 505 etiam
1075 438 1239 505 credi
1284 439 1676 525 pertimuisse
1720 441 1889 518 velit,

574 543 1082 630 naufragiumque
1125 562 1333 608 meum
1376 543 1616 609 tumulo
1658 544 1941 629 spectarit
1984 544 2061 610 ab
2104 546 2243 622 alto,

657 665 768 711 nec
811 645 1049 712 dederit
1094 644 1261 710 nanti
1308 665 1423 730 per
1466 645 1619 711 freta
1663 665 1843 712 saeva
1888 666 2162 725 manum,

570 748 939 815 seminecem
984 748 1187 835 Stygia
1233 748 1525 815 revocasti
1570 749 1734 814 solus
1780 748 1855 814 ab
1901 749 2083 815 unda.

656 852 774 918 Hoc
789 871 1049 937 quoque,
1076 851 1237 936 quod
1249 870 1553 916 memores
1567 871 1888 936 possumus
1904 872 2053 930 esse,
2073 863 2248 919 tuum
2263 863 2371 919 est.
2458 857 2549 920 20

567 953 645 1018 Di
689 955 799 1020 tibi
846 975 910 1021 se
953 953 1227 1020 tribuant
1269 974 1407 1019 cum
1453 951 1704 1020 Caesare
1748 974 1990 1040 semper
2033 955 2286 1021 amicos:

651 1076 774 1121 non
818 1057 1016 1143 potuit
1060 1066 1271 1122 votum
1315 1054 1559 1140 plenius
1603 1075 1735 1121 esse
1780 1076 2005 1122 meum.

564 1158 718 1224 Haec
761 1179 934 1225 meus
978 1158 1225 1245 argutis,
1272 1157 1320 1222 si
1368 1168 1435 1223 tu
1479 1169 1779 1243 paterere,
1825 1158 2050 1224 libellis

645 1272 903 1349 poneret
947 1261 1012 1326 in
1057 1262 1251 1327 multa
1296 1262 1429 1326 luce
1473 1259 1742 1326 videnda
1785 1261 1974 1327 labor.

565 1364 734 1432 Nunc
765 1384 1007 1450 quoque
1036 1384 1120 1441 se,
1150 1363 1431 1448 quamvis
1460 1372 1550 1428 est
1578 1363 1740 1431 iussa
1769 1363 2097 1448 quiescere,
2129 1363 2278 1448 quin
2302 1373 2363 1429 te
2452 1367 2539 1430 25

644 1467 920 1534 nominet
964 1467 1249 1542 invitum,
1297 1466 1401 1530 vix
1446 1484 1583 1531 mea
1626 1464 1797 1531 Musa
1831 1475 2015 1532 tenet.

562 1569 758 1656 thue
801 1589 1031 1646 canem,
1077 1568 1337 1653 pavidae
1381 1577 1625 1633 nactum
1670 1565 1921 1654 vestigia
1964 1587 2194 1644 cervae,

644 1673 966 1738 latrantem
1014 1671 1235 1737 frustra
1279 1671 1501 1756 copula
1545 1669 1698 1736 dura
1744 1679 1923 1747 tenet,

559 1786 748 1861 utque
791 1773 951 1840 fores
997 1773 1272 1840 nondum
1317 1772 1569 1839 reserati
1614 1773 1869 1838 carceris
1912 1793 2050 1838 acer

642 1898 805 1944 nunc
847 1877 1022 1963 pede,
1071 1895 1233 1942 nunc
1276 1876 1407 1961 ipsa
1454 1875 1652 1940 fronte
1695 1875 1931 1941 lacessit
1973 1896 2182 1961 equuS‚
2445 1877 2534 1943 30

555 1980 639 2046 sic
682 1985 842 2056 mea,
889 1980 1022 2066 lege
1066 1979 1204 2044 data
1250 1980 1457 2043 vincta
1499 1988 1681 2063 atque
1724 1978 1978 2056 inclusa,
2024 1977 2239 2043 Thalia

640 2102 753 2168 per
797 2082 1044 2147 titulum
1087 2080 1264 2146 veti'ti
1309 2081 1577 2145 nominis
1620 2080 1712 2145 ire
1747 2079 1929 2166 cupit.

488 2390 828 2442 meumque
858 2388 1338 2442 perhorruerit,
1368 2387 1445 2433 col
1477 2387 1548 2440 G„
1564 2387 1746 2440 Rev„
1761 2400 1852 2441 per
1876 2388 2208 2442 perhorreret
2237 2387 2370 2442 degli
2402 2389 2526 2433 altri

377 2458 539 2503 codd.:
569 2472 595 2503 e
625 2461 811 2503 mentre
855 2459 904 2503 la
946 2458 1173 2511 maggior
1211 2461 1355 2512 parte
1389 2461 1554 2511 (gente
1586 2457 1792 2513 timida),
1832 2458 1880 2502 al
1908 2458 2126 2503 vedermi
2164 2457 2343 2504 caduto
2384 2460 2524 2505 nella

378 2529 626 2582 disgrazia
667 2529 711 2572 d'
725 2529 978 2583 Augusto,
1019 2528 1072 2573 fu
1104 2532 1387 2573 veramente
1422 2531 1731 2583 spaventata‚
1762 2541 1788 2573 e
1830 2532 1973 2582 parte
2012 2528 2144 2581 (falsi
2185 2528 2349 2581 amici)
2386 2528 2522 2583 finge

379 2599 429 2643 di
459 2612 640 2644 essere.

482 2673 547 2715 17.
580 2670 915 2725 spectarit,
956 2670 1265 2724 coll'Heinse‚
1292 2683 1383 2723 per
1410 2672 1672 2724 spectaret
1692 2668 1770 2714 dei
1787 2669 1941 2715 codd.

481 2743 545 2785 19.
574 2742 648 2786 ab
695 2741 871 2785 unda
905 2740 1163 2795 Stygia,
1203 2753 1227 2783 ‹
1258 2739 1320 2785 da
1349 2743 1505 2785 morte
1533 2751 1572 2783 ›.

479 2814 545 2857 20.
571 2812 683 2857 hoc
726 2825 991 2868 quoque:
1034 2811 1082 2855 in
1110 2814 1296 2864 quanto
1325 2810 1431 2865 che,
1472 2824 1524 2855 se
1568 2814 1621 2855 tu
1659 2824 1756 2857 non
1784 2811 1851 2856 mi
1887 2812 2077 2857 salvavi
2114 2812 2172 2857 da
2214 2816 2383 2868 morte,
2414 2827 2517 2860 non

371 2884 536 2937 potrei
563 2883 883 2929 mostrarmiti
911 2886 1070 2936 grato.

473 2956 541 2997 22.
566 2966 689 2998 non
724 2954 966 3008 potuit:
993 2965 1090 2996 non
1117 2965 1267 3007 poseo
1298 2951 1554 3005 augurarti
1581 2951 1707 2996 bone
1735 2952 1824 3006 piu
1853 2952 2101 3007 compiuto
2133 2952 2182 2998 di
2209 2957 2401 3007 questo.

475 3026 542 3068 23.
569 3025 744 3078 haec,
772 3037 796 3068 ‹
825 3022 989 3077 questi
1010 3023 1110 3067 tuoi
1133 3022 1309 3076 meriti,
1328 3023 1493 3076 questi
1512 3024 1617 3068 tuoi
1636 3023 1860 3068 benefizii
1880 3035 1919 3068 ›.
1937 3047 1990 3056 —
2009 3025 2069 3070 si
2094 3028 2161 3070 tu
2180 3028 2508 3079 paterere.

364 3095 461 3140 Era
488 3095 620 3139 buon
650 3094 822 3148 amico,
842 3107 920 3139 ma
939 3107 1036 3138 non
1055 3094 1232 3138 voleva
1251 3093 1491 3138 rischiare
1511 3095 1561 3138 la
1589 3094 1836 3147 disgrazia
1866 3094 2152 3149 d’Augusto,
2180 3095 2510 3142 mostrandosi

367 3167 464 3210 tale
492 3178 636 3210 verso
666 3164 841 3210 Ovidio
871 3164 1056 3218 colpito
1086 3164 1149 3209 da
1178 3165 1359 3218 quella.
1386 3188 1439 3195 —
1468 3178 1641 3210 meus
1670 3166 1915 3211 concorda
1942 3180 2034 3212 con
2065 3167 2227 3212 labor.
2309 3157 2317 3167 '

471 3238 611 3280 25-26.
642 3239 811 3280 tenet
853 3236 1032 3290 quin,
1074 3247 1098 3278 ‹
1127 3235 1167 3280 si
1197 3235 1428 3280 trattiene
1459 3235 1611 3280 dal...
1640 3245 1664 3276 >
1694 3236 1890 3282 coll’inf.

467 3308 534 3351 28.
564 3306 937 3361 latrantem,
969 3306 1047 3351 coi
1075 3306 1214 3352 codd.
1244 3306 1472 3359 migliori,
1500 3319 1590 3360 per
1620 3307 1909 3351 luctantem
1938 3306 2026 3352 che
2058 3307 2099 3352 si
2128 3307 2273 3362 legge
2290 3309 2506 3355 altr-ove:

358 3377 393 3421 il
422 3377 618 3431 bracco,
645 3376 842 3430 quando
871 3376 936 3421 ha
966 3380 1194 3430 scoperto
1222 3377 1270 3421 le
1296 3376 1512 3429 vestigia
1541 3376 1619 3421 del
1650 3389 1811 3431 cervo,
1839 3376 1902 3421 da,
1930 3378 2059 3422 colla
2086 3391 2207 3423 voce
2235 3378 2271 3423 il
2299 3380 2505 3432 segnale

357 3449 405 3493 al
435 3447 727 3501 cacciatore‚
756 3462 782 3492 e
812 3461 906 3491 non
936 3447 1036 3501 puo
1067 3460 1231 3492 essere
1259 3447 1347 3501 piu
1366 3451 1638 3492 trattenuto
1660 3447 1741 3492 dal
1769 3447 2051 3501 guinzaglio
2080 3450 2335 3505 (copula
2362 3451 2507 3506 sru-

358 3523 504 3564 etra
547 3522 740 3572 tenet,
782 3518 888 3563 cioe
919 3531 943 3561 ‹
971 3531 1063 3562 con
1093 3517 1327 3563 difficolt&
1355 3523 1409 3568 >).

462 3592 531 3634 29.
563 3590 872 3643 carceris,
901 3589 951 3633 la
981 3589 1169 3642 sbarra,
1195 3589 1285 3633 che
1313 3602 1411 3633 non
1440 3589 1482 3634 si
1512 3602 1632 3643 apte
1661 3589 1818 3633 finche
1846 3602 1944 3634 non
1965 3589 1991 3634 ὲ
2012 3589 2183 3643 giunto
2198 3591 2234 3635 il
2254 3597 2502 3639 momento

357 3660 405 3704 di
436 3659 732 3705 cominciare
762 3660 811 3704 la
839 3673 994 3705 corsa.

458 3733 524 3775 30.
552 3731 713 3785 ipsa,
750 3731 882 3775 colla
910 3730 1259 3783 maggioranza
1288 3729 1367 3774 dei
1395 3730 1551 3785 codd„
1578 3743 1670 3784 per
1695 3743 1885 3785 pressa
1913 3730 2002 3776 che
2047 3731 2088 3776 si
2116 3732 2262 3785 legge
2292 3732 2499 3779 altrove.

457 3802 523 3844 31.
555 3801 706 3855 leae,
735 3813 759 3844 ‹
789 3800 1020 3855 l’obbligo
1051 3811 1075 3842 ›
1105 3800 1155 3846 di
1182 3814 1278 3846 non
1299 3799 1402 3845 dire
1425 3801 1459 3845 il
1481 3805 1566 3847 tuo
1585 3814 1743 3846 nome.
1762 3825 1814 3833 —-
1855 3801 2111 3857 Thalia,
2138 3815 2229 3857 per
2246 3803 2496 3850 voluntas

354 3867 434 3911 del
466 3869 536 3922 G„
562 3869 615 3911 P.
645 3882 670 3912 e
701 3870 756 3914 V.

459 3937 525 3978 32.
554 3937 833 3989 titulum.
862 3939 994 3984 osSIa
1021 3941 1228 3994 merita,
1260 3941 1460 3986 laudes.
