2840 4464
423 237 523 290 204

1268 280 1273 287 .
1346 247 1642 289 TRISTIUM

597 355 764 433 Pace,
810 374 1054 433 novem,
1100 364 1302 420 vestra
1347 353 1523 419 liceat
1567 352 1810 429 dixisse,
1857 372 2129 418 sorores:
2492 350 2582 415 45

679 479 787 525 vos
831 456 974 524 estis
1019 466 1263 523 nostrae
1307 454 1580 521 maxima
1623 474 1799 520 causa
1844 455 2036 540 fugae.

593 559 793 646 thue
836 558 1004 625 dedit
1047 558 1205 624 iusta
1248 557 1407 624 tauri
1454 557 1778 623 fabricator
1821 557 1979 633 aeni,

683 662 768 727 sic
808 682 918 749 ego
955 661 1040 728 do
1082 681 1314 746 poenas
1359 659 1593 726 artibus
1637 659 1767 745 ipse
1811 659 1984 724 meis,

596 764 691 830 Nil
738 764 892 830 mihi
940 763 1200 830 debebat
1241 783 1381 829 cum
1426 762 1705 828 versibus
1750 761 2013 846 amplius
2058 781 2208 838 esse,

679 887 818 933 cum
863 866 1155 952 fugerem,
1202 865 1423 931 merito
1468 864 1817 950 naufragus,
1849 868 2046 929 'omne
2091 863 2333 928 fretum.
2495 861 2584 925 50

596 969 685 1047 At,
732 978 899 1054 puto,
944 969 994 1033 si
1041 968 1295 1034 demens
1338 966 1609 1033 studium
1655 966 1835 1033 fatale
1878 974 2263 1051 retemptem,

683 1070 782 1135 hic
825 1070 981 1135 mihi
1023 1069 1342 1155 praebebit
1384 1069 1673 1135 carminis
1715 1089 1888 1134 arma
1931 1070 2113 1134 locus,

596 1171 728 1238 Non
773 1172 933 1238 liber
977 1171 1076 1236 hic
1119 1173 1299 1250 ulluS,
1346 1191 1473 1238 non
1518 1171 1623 1256 qui
1667 1171 1823 1236 mihi
1869 1169 2208 1262 commodet
2248 1187 2487 1243 aurem,

682 1273 994 1360 verbaque
1037 1273 1380 1360 significent
1425 1274 1573 1358 quid
1617 1292 1773 1350 mea,
1820 1272 2001 1350 norit,
2046 1272 2233 1337 adest.

568 1375 820 1443 ,Omnia
864 1375 1184 1442 barbariae
1225 1377 1355 1441 loca
1401 1385 1544 1441 sunt
1587 1375 1871 1461 vocisque
1915 1375 2166 1452 ferinae,
2491 1373 2577 1436 55

685 1478 1012 1563 omniaque
1058 1477 1295 1543 hostilis
1338 1480 1525 1563 plena
1567 1479 1788 1543 timore
1833 1478 1985 1543 soni.

594 1580 728 1667 Ipse
772 1580 927 1645 mihi
974 1580 1188 1646 videor
1231 1581 1354 1645 iam
1399 1580 1756 1646 dedidicisse
1800 1580 2028 1656 Latine,

677 1703 822 1749 nam
867 1681 1049 1748 didici
1094 1683 1298 1749 Getice
1342 1683 1796 1768 Sarmaticeque
1839 1682 2025 1768 loqui.

596 1784 714 1850 Nec
756 1795 984 1863 tamen,
1030 1796 1099 1852 ut
1139 1805 1357 1852 verum
1403 1785 1595 1851 fatear
1637 1785 1767 1863 tibi,
1816 1794 2023 1850 nostra
2066 1783 2261 1850 teneri

683 1909 717 1952 a
762 1887 1184 1974 componendo
1229 1888 1499 1953 carmina
1542 1887 1714 1953 Musa
1754 1896 1970 1972 potest.
2491 1888 2581 1951 60

597 1989 931 2056 Scribimus
975 1994 1035 2055 e't
1079 1990 1331 2076 scriptos
1376 1989 1754 2056 absumimus
1798 1990 1937 2076 igne
1981 1989 2245 2054 libellos:

680 2090 878 2157 exitus
920 2101 1012 2158 est
1055 2091 1239 2158 studii
1284 2097 1483 2177 parva
1527 2091 1742 2156 favilla
1784 2091 1926 2156 mei.

592 2193 712 2260 Nec
752 2214 1018 2280 possum,
1062 2204 1123 2261 et
1165 2195 1341 2281 cupio
1387 2195 1718 2261 nonnullos
1762 2193 1984 2260 ducere
2029 2212 2267 2260 versus:

678 2298 931 2382 ponitur
974 2297 1193 2363 idcirco
1239 2308 1445 2365 noster
1487 2300 1551 2362 in
1598 2297 1737 2385 igne
1780 2297 1982 2375 labor-3

598 2419 711 2465 nec
754 2399 872 2465 nisi
916 2421 1062 2486 pars
1103 2421 1244 2466 casu
1289 2400 1555 2465 flammis
1598 2405 1813 2485 erepta
1856 2399 2073 2465 dolove
2488 2399 2573 2462 65

680 2500 756 2566 ad
802 2522 910 2567 vos
955 2501 1182 2590 ingenii
1227 2502 1514 2588 pervenit
1557 2504 1686 2568 ulla
1729 2502 1871 2569 mei.

595 2603 690 2669 Sic
733 2604 991 2682 utinam,
1038 2624 1194 2689 quae
1238 2605 1325 2670 nil
1373 2614 1750 2670 metuentem
1795 2605 1915 2669 tale
1959 2602 2317 2689 magistrum

677 2705 966 2792 perdidit,
1013 2706 1078 2771 in
1123 2707 1357 2772 cineres
1403 2706 1514 2771 Ars
1556 2727 1692 2772 mea
1736 2727 1912 2771 versa
1956 2706 2134 2772 foret!
2206 2786 2212 2792 .

532 3025 600 3069 45.
626 3035 843 3067 novem
883 3034 1172 3075 sorores,
1208 3021 1312 3066 soil.
1340 3034 1539 3066 musae.

530 3095 599 3137 47.
626 3093 834 3137 tauri:
862 3092 1063 3142 Pei-illo.
1090 3091 1346 3137 inventore
1376 3092 1427 3136 di
1455 3105 1519 3136 un
1550 3096 1657 3136 toro
1688 3091 1737 3135 di
1764 3091 1948 3136 bronzo
1979 3091 2223 3136 destinato
2244 3091 2292 3135 al
2322 3092 2575 3145 supplizio

426 3163 507 3207 dei
537 3163 849 3217 condamnati,
876 3162 1008 3217 pago
1038 3162 1073 3206 il
1103 3162 1166 3207 fio
1197 3161 1330 3207 della
1349 3175 1440 3207 sua
1459 3161 1660 3218 crudele
1681 3161 2269 3216 invenzione‚faeendone
2290 3162 2388 3216 egli
2407 3163 2573 3218 primo

425 3233 792 3288 l'esperimento
821 3246 913 3287 per
941 3231 1113 3278 ordine
1145 3233 1224 3277 del
1253 3232 1449 3278 tiranno
1477 3232 1722 3278 Falaride.

530 3305 598 3348 48.
628 3304 761 3348 arti
774 3304 886 3347 bus
902 3335 914 3357 ,
943 3315 966 3346 ‹
996 3303 1239 3348 industria
1257 3300 1459 3358 poetica
1477 3314 1516 3356 ›‚
1543 3303 1733 3357 l'opera
1752 3303 1842 3348 che
1862 3303 1928 3348 ha,
1945 3316 2036 3357 per
2054 3302 2197 3348 titolo
2219 3316 2311 3349 ars
2331 3305 2575 3350 amandi.

531 3376 599 3417 49.
629 3385 765 3417 esee
783 3405 795 3427 ,
820 3385 843 3416 ‹
872 3386 969 3417 non
1000 3373 1186 3418 dovevo
1217 3387 1335 3418 aver
1362 3372 1452 3429 piu
1479 3373 1569 3418 ohe
1596 3372 1771 3419 fare...
1797 3385 1837 3418 ›.

531 3447 597 3488 51.
625 3443 942 3496 studium,
972 3455 995 3486 ‹
1024 3444 1254 3497 l’arringo
1282 3443 1482 3498 poetico
1511 3454 1549 3488 ›.
1576 3467 1630 3475 --
1651 3447 1836 3498 puto:
1863 3442 1906 3489 si
1933 3444 2036 3489 noti
2064 3444 2115 3488 la
2133 3444 2345 3498 prolessi
2366 3444 2576 3490 ironica.

531 3517 600 3559 55.
628 3514 993 3569 barbariae,
1022 3513 1099 3559 eoi
1127 3514 1281 3569 codd„
1306 3514 1418 3559 vale
1451 3515 1749 3559 barbarica.

529 3587 596 3629 59.
625 3585 856 3638 tene‘ri,
884 3595 908 3627 ‹
939 3584 1180 3629 astenersi
1208 3594 1247 3629 ›.

529 3657 596 3700 63.
625 3658 709 3707 et,
737 3666 760 3697 ‹
791 3666 817 3698 e
845 3668 941 3709 pur
969 3653 1180 3699 tuttavia
1208 3665 1247 3698 ›.

530 3727 599 3771 64.
626 3725 870 3769 idcirco
900 3724 926 3768 ὸ
957 3724 1043 3779 qui
1072 3725 1372 3777 conclusive,
1399 3739 1430 3770 a
1460 3725 1728 3771 differenza
1757 3725 1961 3770 dell'uso
1990 3725 2214 3771 classico.

529 3798 598 3840 65.
624 3795 802 3840 Oostr.:
829 3808 920 3840 nec
948 3807 1080 3848 pars
1108 3795 1228 3840 ulla
1254 3796 1358 3850 inq.
1387 3797 1491 3840 mei
1509 3810 1567 3851 p.
1597 3797 1667 3841 ad
1694 3808 1795 3848 vos,
1825 3796 1932 3840 nisi
1960 3810 1999 3842 e.
2024 3798 2063 3851 s.
2092 3808 2131 3841 o.

527 3866 596 3910 67.
624 3864 801 3909 costra
829 3877 962 3918 qaae
995 3865 1148 3919 perd.
1189 3866 1512 3919 maqistrum
1549 3866 1591 3920 (‹
1621 3866 1752 3912 colui
1782 3865 1872 3911 ohe
1903 3866 1944 3911 si
1984 3880 2071 3911 era.
2110 3870 2350 3920 proposto
2394 3866 2576 3912 d'inse-

422 3933 601 3985 gnarla
627 3937 672 3985 ›)
701 3937 1017 3986 metuentem
1044 3935 1124 3978 nil
1153 3935 1272 3979 tale.
1288 3967 1299 3978 .
1316 3966 1328 3980 .
