2840 4464
20 0 772 77 wfvsjzwnvr—
793 0 827 4 —-
854 2 871 3 η
916 0 925 3 -

1163 249 1351 290 Lim-in
1388 250 1478 305 111,
1514 236 1593 290 14.

466 355 631 421 Hanc
659 355 768 420 tibi
803 355 1182 432 commende,
1215 375 1390 440 quae,
1423 375 1543 440 quo
1574 355 1765 441 magis
1795 355 1944 420 orba
1972 377 1979 439 ᾗ

554 458 667 523 hoc
708 457 818 522 tibi
865 456 1050 523 tutori
1097 457 1332 522 sarcina
1376 456 1574 522 maior
1618 457 1753 522 erit.

465 559 612 626 Tres
656 560 810 625 mihi
858 569 1002 626 sunt
1045 560 1192 636 nati,
1238 559 1512 646 contagia
1557 569 1764 624 nostra
1808 560 1979 625 secuti

549 671 746 728 cetera
792 662 884 728 fac
927 682 1107 729 curae
1151 663 1228 727 sit
1270 661 1379 728 tibi
1431 661 1610 727 turba
1653 663 1877 747 palam.

469 764 623 830 Sunt
667 785 909 850 quoque
953 774 1239 840 mutatae,
1288 774 1380 829 ter
1418 764 1693 849 quinque
1738 764 1979 830 volumi]

552 867 823 937 carmina
867 867 944 932 de
985 867 1222 932 domini
1268 867 1486 933 funere
1531 876 1704 952 rapta
1746 867 1859 932 sui.

471 967 627 1034 Illud
669 989 822 1055 opus
865 969 1081 1055 potuit,
1127 970 1176 1033 si
1222 988 1347 1034 non
1392 969 1565 1054 prius
1610 968 1739 1054 ipse
1782 968 1978 1054 periss

555 1071 778 1138 certius
820 1094 854 1138 a
900 1085 1138 1138 summa
1182 1091 1408 1137 nomen
1458 1071 1685 1138 hahere
1729 1091 1948 1150 manu3

475 1193 638 1238 nunc
680 1175 1085 1240 incorrectum
1128 1174 1341 1260 populi
1386 1173 1673 1259 pervenit
1718 1173 1781 1237 in
1826 1193 1952 1250 ora,

561 1275 623 1340 in
667 1277 880 1362 populi
925 1277 1247 1362 quicquam
1293 1277 1342 1341 si
1389 1286 1596 1341 tamen
1641 1295 1747 1340 ore
1792 1294 1979 1340 menn

474 1376 593 1442 Hoc
636 1398 877 1465 quoque
922 1378 1272 1463 nescioquid
1319 1379 1543 1443 nostris
1586 1389 1827 1463 appone
1871 1377 1979 1443 libe

559 1479 800 1546 diverso
845 1481 1102 1547 missum
1147 1481 1309 1567 quod
1353 1481 1464 1545 tibi
1513 1479 1589 1545 ab
1633 1480 1782 1545 orbe
1827 1478 1979 1544 veni*

474 1583 647 1666 Quod
679 1584 1046 1669 quicumque
1076 1586 1252 1670 leget,
1287 1621 1364 1630 —·—
1399 1584 1450 1647 si
1482 1582 1619 1668 quis
1650 1584 1809 1668 leget
1836 1620 1939 1662 ÷‚
1972 1605 1979 1646 ε

559 1686 960 1771 compositum
1005 1705 1125 1770 quo
1169 1687 1246 1751 sit
1290 1695 1567 1771 tempore
1613 1704 1855 1770 quoque
1899 1685 1979 1749 lor

475 1788 715 1874 Aequus
759 1787 878 1854 erit
920 1788 1179 1873 scriptiS,
1225 1807 1489 1873 quorum
1533 1786 1884 1874 cognoverit
1926 1806 1979 1851 es

560 1890 846 1956 exsilium
890 1901 1133 1976 tempus
1175 1890 1648 1975 barbariemque
1692 1891 1925 1955 locum:

478 1993 663 2078 inque
706 2002 793 2057 tot
837 1992 1108 2058 adversis
1149 2012 1397 2058 carmen
1443 1990 1771 2056 mirabitur
1813 1992 1979 2056 ullun

561 2095 782 2160 ducere
825 2114 926 2160 me
968 2095 1126 2160 tristi
1173 2094 1532 2160 sustinuisse
1578 2113 1784 2158 manu.

477 2195 793 2283 Ingenium
839 2197 1074 2285 fregere
1117 2217 1327 2263 meum
1370 2198 1554 2273 mala,
1599 2195 1768 2263 cuius
1812 2204 1874 2261 et
1916 2215 1979 2261 ar

563 2300 697 2365 fons
742 2300 1106 2367 infecundus
1148 2320 1461 2386 parvaque
1505 2318 1663 2364 vena
1709 2298 1843 2363 fuit.

481 2402 599 2467 Sed
643 2423 1060 2488 quaecumque
1104 2403 1234 2480 fuit,
1282 2404 1456 2468 nullo
1501 2410 1821 2467 exercente
1866 2400 1979 2467 rest·

561 2514 620 2570 et
664 2506 844 2591 longo
889 2505 1073 2590 periit
1115 2504 1286 2570 arida
1331 2504 1484 2569 facta
1529 2504 1664 2568 situ,

334 2798 338 2803 .
415 2759 480 2801 16.
507 2758 804 2811 sarcina,
830 2768 856 2800 ‹
883 2755 1132 2810 bagaglio,
1159 2754 1369 2799 fardello
1399 2765 1438 2798 >.

415 2828 478 2871 17.
507 2830 638 2870 tres
685 2826 871 2871 mihi:
898 2829 974 2869 tre
1002 2824 1105 2878 figli
1134 2824 1262 2877 miei,
1301 2828 1374 2868 tre
1419 2823 1533 2868 miei
1562 2823 1692 2877 parti
1721 2821 1923 2877 poetici,
1962 2835 1979 2867 c

303 2900 423 2941 αντε
450 2897 686 2951 amandi,
716 2896 978 2950 seguirono
1021 2897 1072 2940 la
1114 2895 1212 2940 mia
1253 2898 1500 2947 sventura‚
1538 2906 1754 2938 vennero
1797 2893 1979 2937 sbandi·

304 2968 377 3021 gli
413 2968 524 3012 altri
551 2966 822 3022 proteggili
847 2980 970 3022 pure
1002 2980 1032 3011 a
1057 2966 1164 3011 viso
1195 2969 1383 3020 aperto.

415 3041 480 3083 19.
506 3042 659 3083 sunt
703 3050 982 3093 quoque:
1021 3039 1098 3081 tra
1137 3037 1184 3081 le
1226 3049 1376 3091 opere
1419 3035 1515 3080 mie
1559 3048 1678 3081 sono
1716 3034 1895 3089 purei
1932 3048 1979 3087 ql

305 3108 658 3154 Metamorfosi.

412 3181 479 3223 20.
505 3179 919 3234 saner-eruenta.
948 3178 1068 3231 fuga
1095 3176 1202 3222 cioe
1231 3177 1297 3221 da
1326 3177 1496 3231 Roma,
1524 3176 1613 3221 che
1644 3177 1697 3221 fu
1727 3176 1886 3221 simile
1914 3189 1944 3220 a
1971 3189 1979 3217 1

413 3251 480 3293 22.
509 3250 767 3304 certine,
795 3262 819 3293 <
845 3249 934 3304 piu
962 3249 1103 3295 ealda
1129 3248 1264 3292 fama
1291 3258 1331 3301 ›‚
1359 3261 1411 3292 se
1441 3247 1657 3292 v'avessi
1687 3250 1861 3301 potuto
1891 3245 1979 3291 dar

413 3322 480 3364 24.
507 3321 587 3374 ei,
616 3333 640 3364 <
669 3332 721 3365 se
749 3333 875 3374 pure
903 3329 942 3363 ›.
969 3342 1022 3350 —
1048 3331 1265 3371 meum,
1293 3330 1383 3371 per
1411 3318 1515 3362 mei
1544 3316 1623 3361 del
1652 3317 1704 3362 P.
1734 3330 1761 3360 e
1790 3316 1847 3361 Ge.

412 3393 480 3435 25.
506 3392 617 3435 hoc
662 3404 936 3446 quoque.-
966 3389 1203 3443 agg-iungi
1233 3388 1336 3433 alla
1363 3388 1583 3433 raccolta
1620 3387 1710 3433 che
1748 3387 1818 3432 fai
1852 3387 1979 3432 dell'‹

306 3462 470 3515 questi
497 3462 670 3516 poveri
697 3461 829 3507 versi
858 3460 948 3506 che
977 3461 1015 3505 ti
1044 3460 1294 3513 giungono
1326 3459 1409 3503 dal
1440 3459 1535 3504 mio
1566 3458 1726 3503 esilio.

413 3535 479 3578 27.
508 3533 590 3588 εἰ,
618 3545 644 3577 <
673 3546 725 3577 se
753 3545 879 3586 pure
911 3542 950 3573 >.

413 3606 481 3647 32.
509 3604 738 3648 ducere
772 3604 884 3647 vale
916 3614 1160 3647 exarare:
1188 3614 1212 3645 <
1242 3600 1477 3646 mandare
1507 3615 1537 3645 a
1564 3600 1771 3645 termine
1801 3610 1841 3645 ›.

417 3675 485 3717 33.
515 3677 584 3727 et,
612 3685 638 3717 ‹
667 3673 822 3718 anche
852 3683 891 3718 ›.

419 3745 486 3787 34.
510 3756 682 3798 parv
698 3756 754 3796 a,
783 3755 809 3787 ‹
838 3755 1008 3787 scm-sa
1035 3753 1074 3787 ›.

416 3814 481 3857 35.
509 3813 694 3858 nullo
741 3816 1074 3858 exercente
1117 3812 1390 3867 refugit,
1444 3824 1468 3855 <
1509 3825 1600 3866 per
1649 3810 1823 3855 difetto
1873 3809 1979 3854 d'es

312 3883 554 3929 scaturire
583 3894 624 3926 ›.

417 3956 484 4000 36.
512 3956 662 4004 situ,
694 3967 718 3998 <
747 3954 946 4009 inerzia‚
972 3953 1139 4008 riposo
1168 3964 1207 3998 ›.

422 4130 450 4172 9
532 4126 680 4171 Ovlm
710 4125 946 4181 luemus,
983 4124 1243 4171 Tristium
1269 4122 1530 4174 (Cocchia).
