2840 4464
1214 273 1404 316 menn
1441 273 1501 330 V,
1535 259 1616 316 10.

509 376 754 462 Quippe
799 377 980 443 simul
1028 377 1203 442 nobis
1251 378 1485 444 habitat
1528 378 1880 447 discrimine
1924 382 2096 446 'nullo

599 478 914 557 barbarus,
960 489 1021 545 et
1066 481 1200 546 tecti
1248 481 1388 566 plus
1433 491 1674 566 quoque
1717 490 1893 567 parte
1932 492 2119 548 tenet.

511 579 806 664 Quorum,
853 591 921 647 ut
963 601 1088 649 non
1135 581 1371 659 timeaS‚
1414 583 1609 669 possis
1653 583 1851 650 odisse
1894 583 2121 651 vidend

595 683 861 769 pellibus
905 694 964 749 et
1009 685 1188 770 longa
1222 705 1486 770 *corpora
1528 686 1682 751 tect&
1725 699 1913 772 coma.
1992 748 1996 752 .

509 784 628 850 Hos
673 806 932 871 quoque,
979 785 1085 872 qui
1128 787 1316 874 geniti
1363 786 1544 852 Graia
1587 787 1923 855 creduntur
1965 788 2041 854 ab
2086 810 2123 855 u

591 908 705 973 pro
748 888 948 973 patrio
991 890 1159 955 cultu
1202 888 1439 955 Persici}
1483 889 1662 955 braca
1698 880 1870 976 tegit.

506 990 801 1056 Exercent
843 990 934 1055 illi
977 989 1171 1057 sociae
1213 992 1575 1058 commercia
1620 992 1896 1078 linguae:

593 1113 706 1178 per
747 1103 984 1179 gestum
1029 1114 1127 1158 res
1170 1103 1261 1159 est
1307 1093 1705 1181 significanda
1747 1094 1923 1160 mihi.

506 1193 812 1261 Barbarus
859 1196 956 1261 hic
998 1217 1108 1282 ego
1153 1216 1308 1274 sum,
1355 1197 1499 1282 quia
1544 1217 1668 1262 non
1711 1196 2033 1284 intellegor
2076 1199 2123 1261 u]

594 1307 655 1364 et
698 1297 904 1364 rident
946 1298 1150 1364 stolidi
1194 1299 1383 1364 verba
1426 1298 1637 1364 Latina
1683 1299 1899 1379 Getae3

507 1419 729 1484 meque
771 1403 976 1485 palam
1020 1400 1096 1468 de
1141 1421 1240 1466 me
1284 1411 1413 1468 tuto
1458 1401 1620 1467 male
1664 1422 1846 1486 saepe
1887 1403 2119 1487 loquun

594 1501 847 1567 forsitan
868 1501 1168 1593 ,obiciunt
1213 1503 1620 1588 exsiliumque
1664 1503 1838 1569 mihi.

508 1602 703 1689 thue
749 1603 836 1682 fit,
883 1603 948 1669 in
993 1624 1094 1671 me
1137 1603 1391 1691 aliquid,
1437 1605 1486 1669 si
1534 1604 1784 1690 quidem
1827 1604 2123 1671 dicentibu

595 1707 919 1773 adnuerim
965 1707 1244 1793 quotiens
1288 1707 1753 1793 abnuerimque‚
1800 1717 2035 1794 putant.

508 1809 694 1887 Adde,
741 1810 903 1894 quod
949 1809 1245 1877 iniustum
1292 1810 1486 1897 rigido
1532 1810 1625 1876 ius
1671 1810 1891 1876 dicitur
1935 1830 2098 1888 ense,

593 1911 820 1978 dantur
863 1922 923 1979 et
967 1912 1169 1977 medio
1213 1913 1472 1978 vulnera
1516 1933 1697 1998 saepe
1739 1912 1889 1978 for0.

506 2012 559 2078 Ο
604 2013 1200 2092 duram‘LachesiQ
1248 2034 1403 2101 quae
1448 2024 1573 2080 tam
1616 2035 1803 2101 grave
1846 2014 2012 2080 sidus
2059 2015 2123 2078 be

593 2115 696 2181 fila
741 2115 909 2182 dedit
950 2117 1112 2182 vitae
1155 2137 1280 2182 non
1326 2116 1612 2182 breviora
1656 2119 1867 2182 meae!

335 2408 480 2455 misto
519 2409 567 2454 di
595 2411 759 2464 questi
788 2408 817 2455 e
844 2410 893 2456 di
944 2410 1070 2465 Geti,
1107 2409 1215 2455 anzi
1243 2410 1261 2455 i
1292 2410 1405 2455 Geti
1448 2423 1597 2455 erano
1640 2411 1690 2455 la
1731 2410 1958 2464 maggior
1997 2416 2123 2466 part«

329 2484 489 2534 parte
516 2484 683 2531 tenet).

440 2561 508 2604 31.
536 2573 816 2615 quorum,
843 2560 921 2605 eol
951 2560 1021 2615 G„
1047 2559 1100 2605 P.
1129 2573 1155 2605 e
1172 2560 1244 2614 V„
1270 2573 1360 2614 per
1389 2572 1518 2615 quos
1537 2558 1628 2605 ohe
1649 2558 1692 2605 si
1710 2560 1855 2613 legge
1875 2560 2123 2607 aurove.-

330 2630 572 2685 odisse‚
600 2630 703 2675 scil.
732 2644 827 2676 eos.

441 2711 508 2754 33.
541 2708 766 2764 Graia,
795 2709 901 2755 cioe
929 2709 1115 2755 Mileto,

439 2790 507 2832 34.
525 2790 769 2844 patrio,
797 2788 902 2834 soil.
934 2788 1146 2835 Graeco.
1629 2847 1632 2849 ,

438 2870 506 2913 35.
532 2868 666 2922 illi,
693 2868 797 2913 scil.
829 2866 1018 2913 Graeci
1045 2872 1093 2913 et
1126 2866 1299 2913 Getae.
1327 2890 1378 2900 --
1408 2872 1739 2913 excerceret:
1782 2868 1881 2913 essi
1913 2880 2120 2913 convers

325 2952 421 2994 per
448 2952 615 2983 mezzo
644 2937 797 2983 d'una
840 2938 1012 2992 lingua
1048 2952 1268 2993 comune,
1305 2938 1417 2983 d’un
1455 2939 1560 2983 loro
1599 2951 1752 2991 gergo
1787 2941 2040 2993 composto
2082 2938 2123 2982 di

328 3022 498 3063 greco.

437 3090 505 3133 39.
531 3101 623 3134 me
656 3087 898 3142 palam,
924 3085 1031 3132 eioe
1061 3100 1240 3132 coram
1266 3100 1364 3141 me,
1394 3101 1479 3132 me
1497 3090 1795 3141 praesente.
1822 3109 1875 3117 —
1904 3089 2063 3140 tuto,
2092 3100 2119 3131 o

329 3172 357 3203 ‹
386 3172 478 3205 con
505 3158 756 3204 sicurezza
784 3167 809 3199 ›
837 3158 888 3203 di
915 3170 1013 3204 non
1042 3171 1180 3203 esser
1204 3157 1465 3212 compresi.

437 3242 505 3283 41.
531 3242 726 3294 utque
758 3238 872 3293 sit,
903 3250 928 3281 ‹
956 3250 1094 3282 come
1123 3237 1262 3282 suole
1291 3237 1531 3282 accudere
1561 3236 1612 3281 in
1642 3235 1790 3281 simili
1821 3236 1925 3281 oasi
1952 3247 1993 3281 ›.
2016 3249 2073 3268 ·-
2109 3250 2123 3281 ε

329 3310 411 3354 col
440 3309 510 3363 G„
535 3309 588 3353 P.
617 3322 642 3354 e
673 3309 744 3363 V„
769 3322 861 3363 per
887 3308 938 3353 si
963 3308 1092 3363 quid
1119 3307 1208 3353 che
1239 3307 1281 3352 si
1308 3308 1455 3361 legg-e
1476 3306 1869 3352 altrove.Costr.:
1898 3307 2123 3362 siquidm

330 3380 620 3425 dicentibus
646 3380 759 3424 illis
787 3382 835 3424 ct
863 3378 1099 3434 quotiens
1128 3378 1419 3424 abmerim.

438 3461 505 3503 42.
532 3460 598 3503 in
637 3472 726 3503 me
768 3459 1026 3514 aliquid
1057 3460 1324 3513 putant,
1352 3470 1377 3501 ‹
1403 3458 1485 3502 nel
1515 3457 1621 3502 loro
1650 3456 1881 3511 pensiero
1928 3455 1995 3501 mi
2037 3457 2123 3502 offe

329 3528 508 3574 dicono
534 3529 706 3583 parole
736 3528 1003 3583 ingiuriose
1032 3538 1070 3583 ›‚
1099 3540 1236 3573 oome
1265 3527 1319 3573 fa
1346 3527 1382 3572 il
1400 3526 1586 3582 popolo
1609 3528 1737 3573 colle
1757 3540 1968 3581 persone
1989 3526 2052 3572 da
2072 3540 2123 3572 eu

326 3600 429 3645 ben
456 3613 727 3653 eompreso.

435 3681 502 3723 43.
530 3679 849 3724 iniustum
889 3679 991 3723 ius
1037 3677 1063 3723 ὲ
1102 3691 1169 3723 un
1197 3667 1505 3732 ooey'moron:
1546 3676 1586 3721 si
1631 3676 1779 3723 fanno
1809 3676 2040 3729 giustizia
2069 3676 2123 3723 da

328 3749 475 3795 modo
504 3749 733 3804 ingiusto.

432 3832 500 3874 44.
518 3830 688 3885 soro,
725 3828 850 3873 dove
879 3828 922 3874 si
951 3828 1256 3874 amministra
1282 3828 1334 3873 la
1361 3826 1607 3881 giustizia.

368 3955 373 3960 ,
431 3911 499 3953 45.
525 3908 870 3962 Lachesin,
896 3921 996 3952 una
1024 3906 1152 3951 delle
1182 3911 1256 3951 tre
1283 3905 1490 3951 Parehe.
1518 3927 1571 3939 -
1600 3908 1735 3950 tam
1761 3917 1958 3959 aravo
1986 3905 2123 3950 sido

320 3992 348 4026 ‹
379 3993 408 4024 a
436 3992 513 4035 me
541 3982 659 4024 nato
687 3981 816 4025 sotto
845 3977 950 4023 coel
977 3977 1163 4023 oattiva
1191 3978 1353 4030 stella,
1381 3991 1411 4023 a
1442 3988 1518 4021 me
1548 3979 1685 4020 tanto
1717 3974 1916 4021 infelice
1944 3985 1985 4020 ›.
