2840 4464
425 246 490 299 18
1351 261 1644 302 ’rais'rmu

593 387 757 434 nunc
799 366 949 432 sicca
991 365 1227 453 gelidus
1273 366 1487 431 boreas
1531 367 1859 432 bacchatur
1901 367 1978 432 ab
2025 377 2206 441 arcto,

677 489 843 536 nunc
885 479 1065 535 notus
1109 469 1364 533 adversa
1407 469 1642 554 proelia
1689 468 1888 534 fronte
1930 469 2105 555 gerit.
2482 470 2563 535 30

591 573 804 638 Hector
847 572 913 636 in
961 572 1190 638 incerto
1233 581 1343 648 est,
1387 591 1501 637 nec
1543 571 1691 657 quid
1737 571 2002 658 fugiatve
2044 582 2289 658 petatve

675 672 940 740 invenit:
988 674 1287 759 ambiguis
1331 694 1431 738 ars
1475 683 1677 758 stupet
1722 674 1851 760 ipsa
1895 674 2091 739 malis.

587 777 823 843 Scilicet
865 776 1218 851 occidimus,
1265 796 1378 841 nec
1420 797 1558 862 spes
1603 786 1695 842 est
1737 779 1863 843 ulla
1907 777 2135 854 salutiS,

674 881 945 965 dumque
990 882 1223 964 loquor,
1270 881 1476 945 vultus
1521 879 1727 945 obruit
1771 880 1939 944 unda
1983 899 2169 945 meos,

589 980 921 1068 Opprimet
952 981 1109 1047 hanc
1138 981 1409 1046 animam
1442 981 1676 1058 ssuctuS‚
1709 981 2057 1067 frustraque
2086 981 2358 1067 precanti
2477 982 2557 1047 35

670 1104 776 1149 ore
821 1093 1137 1150 necaturas
1180 1084 1543 1169 accipiemus
1587 1105 1792 1169 aquas.

588 1187 661 1251 At
702 1186 805 1271 pia
850 1187 936 1251 nil
984 1185 1149 1252 aliud
1182 1205 1365 1271 quam
1410 1206 1512 1252 me
1554 1186 1719 1251 dolet
1762 1188 1972 1251 exsule
2008 1186 2300 1252 coniunx:
2380 1195 2383 1229 ῑ

674 1289 788 1354 hoc
832 1308 1026 1354 unum
1072 1289 1263 1353 nostri
1309 1289 1539 1374 scitque
1582 1289 1892 1376 gemitque
1935 1289 2101 1355 mali.

584 1390 780 1456 Nescit
821 1391 888 1455 in
935 1391 1237 1459 immenso
1281 1390 1488 1456 iactam‘
1533 1411 1786 1477 corpora
1829 1390 2036 1477 ponto,

668 1493 857 1559 nescit
901 1493 994 1579 agi
1043 1493 1260 1570 ventiS‚
1307 1494 1497 1559 nescit
1540 1493 1750 1559 adesse
1795 1514 2025 1560 necem.
2475 1492 2558 1556 40

582 1595 658 1659 Di
705 1596 879 1673 bene,
912 1595 1076 1680 quod
1121 1615 1244 1661 non
1290 1616 1426 1662 sum
1470 1616 1710 1663 mecum
1754 1596 2158 1662 conscendere
2203 1615 2433 1682 passuS,

667 1718 747 1763 ne
788 1698 945 1763 mihi
993 1718 1158 1763 mors
1202 1698 1428 1764 misero
1471 1698 1564 1764 bis
1607 1698 1896 1784 patienda
1940 1699 2125 1764 foret!

582 1801 656 1864 At
698 1821 863 1866 nunc
903 1811 973 1867 ut
1016 1821 1287 1887 peream,
1334 1801 1625 1887 quoniam
1668 1812 1832 1867 caret
1877 1802 1982 1867 illa
2025 1801 2273 1888 periclo,

669 1903 923 1969 dimidia
967 1914 1129 1969 certe
1170 1914 1344 1989 parte
1387 1914 1695 1989 superstes
1739 1924 1863 1970 er0.

584 2004 649 2069 Ei
693 2005 878 2070 mihi!
929 2026 1113 2091 quam
1156 2005 1336 2071 celeri
1381 2006 1731 2072 micuerunt
1773 2006 1985 2072 nubila
2031 2007 2305 2073 flamma!
2472 2004 2553 2069 45

672 2118 936 2193 quantus
970 2108 1057 2173 *ab
1103 2108 1376 2173 aetherio
1413 2107 1702 2193 personat
1745 2129 1858 2174 axe
1902 2109 2134 2195 fragor!-

518 2476 586 2519 29.
615 2475 855 2528 boreas,
893 2476 1042 2519 vento
1070 2473 1119 2518 di
1150 2472 1470 2519 settentrione
1498 2472 1548 2518 in
1576 2474 1700 2519 lotta
1728 2486 1819 2518 con
1858 2474 2000 2519 Noto.
2042 2498 2095 2506 —
2135 2476 2306 2520 sicca
2345 2480 2551 2525 arcto,

411 2545 519 2590 cioe
548 2544 683 2590 dalla
711 2543 1058 2590 eostellazione
1087 2543 1318 2589 dell'orsa
1344 2544 1577 2597 (Arctus)
1605 2544 1694 2590 che
1725 2543 1751 2588 ὸ
1782 2559 1812 2589 a
1840 2545 2177 2600 settentrione‚
2190 2545 2240 2590 di
2264 2545 2389 2591 dove
2418 2546 2556 2601 spira

412 2628 607 2670 sempre
634 2629 702 2661 un
728 2618 876 2660 vento
914 2615 1141 2660 aseiutto.
2213 2617 2218 2623 ’
2313 2675 2316 2680 ἡ

513 2688 582 2731 30.
605 2690 794 2731 notus
837 2686 975 2741 spira
1003 2686 1068 2731 da
1096 2686 1455 2740 mezzogiorno‚
1474 2686 1581 2731 cioe
1608 2683 1693 2730 'dal
1724 2686 1825 2731 lato
1855 2690 2067 2741 opposto
2087 2689 2282 2742 (fronte
2310 2688 2555 2739 adversa)

412 2772 443 2803 a
470 2757 644 2802 Borea.
1011 2765 1014 2768 ’

514 2829 583 2873 31.
608 2831 847 2881 rector,
889 2826 994 2872 scil.
1034 2827 1202 2871 navis.
1243 2850 1295 2856 —
1334 2828 1657 2882 fugiatve,
1699 2827 1806 2872 eioe
1853 2828 1933 2873 vel
1970 2828 2162 2882 fugiat.
2208 2852 2259 2859 —
2304 2829 2554 2873 invenit

409 2898 524 2944 vale
552 2899 663 2944 scit.

517 2971 586 3014 32.
615 2969 940 3024 ambiguis
966 2964 1193 3021 ‘malim
1222 2982 1245 3013 <
1275 2969 1326 3013 in
1359 2983 1525 3014 mezzo
1556 2969 1654 3021 agli
1686 2969 1860 3014 assalti
1878 2969 1926 3013 di
1944 2968 2061 3023 quei
2091 2970 2224 3014 venti
2254 2970 2485 3015 contrarii
2516 2982 2540 3014 >

515 3042 583 3085 33.
612 3040 990 3092 occidimus,
1030 3039 1157 3094 perf.

516 3114 584 3157 35.
611 3112 909 3164 animam,
936 3124 959 3155 <
990 3110 1108 3163 vita.
1134 3110 1328 3165 respir‘o
1357 3122 1396 3156 ›.
1425 3133 1476 3141 —
1495 3110 1805 3165 precanti
1844 3109 2091 3155 concorda
2118 3123 2210 3155 eon
2238 3123 2339 3156 ore.

513 3184 581 3227 36.
608 3186 975 3235 necaturas,
1003 3194 1027 3225 ‹
1056 3181 1300 3227 destinate
1330 3195 1360 3225 a
1389 3180 1738 3233 sommergerei
1768 3192 1806 3224 ›.

513 3255 581 3298 37.
608 3253 705 3298 nil
747 3253 936 3296 aliud
977 3264 1004 3296 e
1047 3265 1137 3296 me
1179 3252 1399 3296 exsule
1446 3264 1566 3296 sono
1609 3251 1867 3305 entrambi‚
1904 3264 1998 3306 per
2040 3250 2144 3297 cosi
2187 3251 2307 3310 dire,
2347 3265 2460 3306 ogg.
2500 3252 2551 3296 di

407 3325 548 3369 dolet
560 3336 580 3379 ;
605 3337 685 3368 ma
712 3323 748 3367 il
778 3322 937 3377 primo
957 3322 984 3366 ὲ
1006 3335 1233 3376 espresso
1256 3322 1304 3366 in
1324 3334 1442 3367 caso
1463 3334 1580 3375 aec„
1604 3320 1789 3375 perche
1820 3321 1861 3367 si
1881 3325 2032 3366 tratta
2052 3321 2101 3366 di
2121 3336 2188 3367 un
2207 3335 2346 3377 pron.
2359 3326 2550 3377 neutro,

402 3394 440 3439 il
471 3394 685 3440 secondo
716 3392 743 3439 ὲ
772 3392 823 3438 in
851 3406 967 3438 caso
997 3392 1108 3446 abl„
1126 3392 1176 3436 in
1203 3390 1499 3437 conformit&
1518 3390 1597 3435 del
1627 3392 1932 3445 reggimento
1951 3392 2155 3446 proprio
2176 3392 2224 3436 di
2247 3393 2362 3446 quel
2381 3392 2551 3437 verbo.

399 3488 455 3497 ·—-·
483 3466 762 3511 coniunx
801 3464 1023 3518 statuis),
1050 3476 1179 3508 nom.
1207 3462 1330 3516 sing.
1358 3461 1571 3515 analogo
1602 3461 2082 3515 etimologicamente
2111 3476 2141 3506 a
2169 3464 2437 3517 coniunqo.

510 3537 578 3580 39.
607 3547 908 3590 corpora,
951 3534 1055 3579 scil.
1083 3536 1284 3578 nostra.

507 3608 575 3650 41.
601 3606 685 3650 Di
724 3618 815 3659 per
844 3617 888 3658 ο,
913 3604 1131 3650 secondo
1160 3604 1209 3648 la
1237 3602 1427 3648 lezione
1448 3602 1538 3648 ohe
1559 3617 1589 3648 a
1609 3616 1686 3647 me
1713 3616 1836 3658 pare
1866 3603 2154 3657 preferibile
2184 3603 2265 3648 dei
2295 3604 2435 3649 codd.
2465 3606 2554 3650 mi-

403 3675 551 3728 gliori
580 3676 741 3721 Guelf.
770 3689 796 3719 e
827 3676 937 3719 Vat.
965 3699 1018 3705 —
1047 3675 1471 3719 conscendere
1491 3708 1503 3728 ‚
1544 3673 1652 3719 eioe
1681 3674 1731 3718 la
1758 3674 1858 3719 mia
1885 3678 2112 3719 consorte
2140 3675 2460 3731 (coniuyem).

509 3749 576 3791 43.
604 3750 687 3800 ut,
731 3759 754 3790 <
787 3744 1004 3791 sebbene
1033 3755 1072 3790 ›.
1097 3768 1150 3775 —
1180 3745 1334 3799 illa,
1375 3744 1482 3789 scil.
1510 3745 1749 3790 coniunx.

516 3819 584 3860 44.
612 3816 892 3861 dimidia
925 3829 997 3871 p„
1028 3829 1052 3859 ‹
1081 3830 1174 3870 per
1201 3816 1249 3859 la
1278 3814 1410 3860 met&
1438 3815 1488 3859 di
1518 3829 1594 3860 me
1624 3819 1782 3861 stesso
1812 3825 1850 3860 ›.

511 3889 577 3929 46.
611 3888 901 3931 aetherio
949 3900 1088 3940 ame,
1135 3886 1271 3931 dalla,
1302 3890 1448 3940 parte
1486 3886 1575 3942 pii).
1611 3886 1857 3941 profonda
1886 3887 2019 3932 della
2047 3902 2266 3933 concava
2296 3888 2432 3933 volta
2469 3887 2563 3931 del*-

407 3953 548 3999 oielo.
