2840 4464
1203 202 1393 243 mana
1430 203 1469 256 1,
1504 188 1551 242 3.

478 310 600 374 Iam
647 330 839 396 prope
877 311 979 375 lux
1028 309 1256 387 aderat,
1303 331 1424 395 qua
1467 329 1567 375 me
1611 309 1919 375 discedere
1963 307 2183 374 Caesar

562 412 789 478 finibus
832 422 1145 477 extremae
1190 412 1447 478 iusserat
1492 411 1818 477 Ausoniae:

475 535 585 579 nec
628 514 894 600 spatium
940 534 1050 579 nec
1093 534 1268 580 mens
1312 514 1510 580 fuerat
1554 514 1697 578 satis
1740 523 1881 599 apta
1924 533 1999 599 pa

554 626 915 702 torpuerant
957 619 1149 702 longa*
1180 627 1424 702 pectora
1469 616 1676 681 nostra
1721 629 1911 680 mora.

472 720 601 786 Non
645 719 802 784 mihi
848 738 1188 796 servorum,
1235 719 1471 784 comitis
1517 738 1639 783 non
1684 738 1827 785 cura
1873 720 1999 803 lege

558 842 680 888 non
729 831 906 907 aptae
948 821 1204 907 profugo
1251 822 1434 886 vestis
1470 821 1680 906 opisve
1725 821 1856 886 fuit.

468 925 595 990 Non
643 925 842 989 aliter·
865 925 1090 1009 stupui,
1139 943 1325 1009 quam
1369 925 1474 1008 qui
1522 922 1675 988 Iovis
1721 923 1962 1010 ignibus

481 1061 485 1065 ·
556 1028 709 1092 vivit
754 1037 813 1091 et
855 1036 945 1091 est
992 1027 1150 1091 vitae
1194 1026 1434 1093 nescius
1479 1027 1609 1112 ipse
1655 1046 1817 1092 suae.

472 1128 546 1194 Ut
576 1136 795 1296 {amen
844 1129 1001 1195 hanc
1045 1129 1234 1193 animi
1282 1129 1512 1194 nubem
1557 1128 1731 1193 dolor
1776 1129 1907 1214 ipse
1952 1148 1999 1193 r(

556 1252 589 1297 e
658 1232 905 1297 tandem
953 1252 1166 1304 sensus
1210 1234 1577 1301 convaluere
1622 1232 1764 1308 mei,

470 1333 765 1419 adloquor
807 1344 1150 1400 extremum
1196 1344 1455 1398 maestos
1499 1334 1775 1400 abiturus
1820 1333 1999 1397 amice

555 1437 657 1521 qui
705 1437 886 1501 modo
931 1437 1008 1501 de
1050 1437 1262 1501 multis
1306 1456 1468 1502 unus
1517 1446 1576 1500 et
1619 1438 1774 1502 alter
1818 1445 1995 1501 erant

421 1607 429 1614 ,
468 1538 630 1604 Uxor
674 1558 886 1603 amans
934 1539 1204 1616 flentem,
1255 1539 1412 1604 flens
1456 1539 1653 1603 acrius
1698 1539 1848 1624 ipsa,
1897 1548 1999 1603 ten

548 1641 748 1706 imbre
790 1661 904 1727 per
948 1640 1228 1725 indignas
1273 1661 1467 1725 usque
1511 1640 1764 1705 cadente
1808 1659 1994 1726 genas

470 1742 616 1809 Nata
660 1746 870 1830 procul
920 1743 1148 1829 Lybicis
1193 1744 1405 1809 aberat
1449 1743 1689 1808 diversa
1737 1743 1851 1807 sub
1886 1742 1999 1806 oris

554 1865 664 1910 nec
706 1855 944 1930 poterat
991 1845 1092 1911 fati
1139 1845 1360 1911 certior
1405 1866 1535 1910 esse
1581 1845 1721 1910 mei.

463 1947 856 2032 Quocumque
900 1949 1217 2033 aspicereS,
1263 1950 1459 2014 luctus
1503 1948 1885 2033 gemitusque
1920 1966 1999 2011 soi

549 2049 866 2134 formaque
911 2069 1036 2114 non
1082 2050 1245 2114 taciti
1291 2049 1525 2117 funeris
1571 2051 1735 2116 intus
1780 2059 1932 2114 erat.

465 2151 714 2217 Femina
759 2153 977 2238 virque
1020 2172 1177 2230 meo,
1224 2153 1398 2239 pueri
1448 2173 1689 2238 quoque
1736 2152 1952 2218 funere
1996 2173 1999 2214 ῑ

544 2256 730 2341 inque
773 2255 955 2321 domo
998 2256 1278 2321 lacrimas
1323 2258 1582 2343 angulus
1629 2256 1829 2320 omnis
1877 2254 1999 2320 hab

424 2448 463 2490 6.
493 2449 842 2500 emtremae,
883 2446 1076 2491 l’unirai
1105 2447 1239 2491 nella
1269 2446 1557 2492 traduzione
1587 2460 1678 2492 eon
1700 2447 1917 2501 finibus.

358 2516 362 2520 '
425 2514 466 2555 7.
493 2513 717 2565 fuerat
747 2512 773 2556 e
803 2514 1078 2567 adoperato
1107 2512 1155 2556 in
1186 2512 1434 2558 relazione
1464 2514 1540 2557 col
1562 2514 1675 2568 suit
1694 2512 1774 2557 del
1803 2515 1999 2567 v.10;tr

292 2581 422 2622 stato
451 2589 490 2621 ›.
519 2602 570 2608 —
591 2580 914 2633 parandi,
955 2579 1060 2624 soil.
1087 2593 1185 2632 me,
1212 2592 1235 2621 ‹
1266 2594 1295 2623 a
1323 2580 1633 2633 preparat-mi
1664 2590 1703 2623 ›.

425 2646 464 2688 8.
494 2658 702 2697 mora,
744 2658 767 2688 ‹
796 2644 998 2698 indugio
1028 2659 1057 2690 0
1087 2646 1390 2699 aspettativa
1419 2645 1553 2689 della
1581 2644 1838 2689 eondanna
1867 2656 1905 2689 ›.

403 2712 468 2754 10.
500 2711 656 2765 opis,
698 2723 721 2753 ‹
752 2711 919 2764 mezzi,
949 2711 1071 2755 aiuti
1103 2722 1143 2755 ›.

400 2778 463 2821 13.
491 2778 745 2832 nubem,
785 2790 808 2821 ‹
839 2776 1184 2831 insensibilita,
1213 2781 1432 2832 stupore,
1459 2778 1657 2831 perdita
1686 2778 1765 2823 dei
1796 2778 1925 2822 sensi
1957 2788 1995 2831 >‚

290 2842 427 2887 dalla
454 2843 732 2896 grandezza
761 2842 896 2888 della.
924 2847 1171 2888 eventura.

307 2952 310 2955 ,
399 2912 464 2962 14.
491 2910 893 2962 convaluere,
938 2922 961 2952 ‹
992 2910 1300 2954 ritornarono
1330 2920 1367 2953 ›.

396 2978 462 3020 15.
493 2980 857 3027 extremum,
896 2990 1032 3025 avv.;
1061 2977 1321 3030 abitu-rus,
1342 2989 1365 3019 ‹
1384 2977 1459 3021 sul
1490 2981 1645 3030 punto
1667 2977 1716 3022 di
1737 2976 1892 3021 undar
1912 2976 1993 3021 via

290 3040 354 3084 da
382 3041 488 3086 loro
517 3052 556 3086 ›.

395 3109 459 3151 16.
487 3109 664 3152 modo
693 3108 922 3152 modifica
950 3108 1137 3152 multis
1167 3121 1193 3151 e
1222 3108 1334 3152 vale
1355 3120 1378 3151 ‹
1400 3121 1526 3161 poco
1559 3108 1750 3153 innanzi
1773 3119 1811 3164 ›;
1832 3112 1879 3153 et
1910 3109 1999 3153 alt«

397 3176 460 3217 17.
491 3175 746 3219 tenebat
788 3187 878 3227 per
907 3186 1052 3219 mano
1082 3186 1110 3218 o
1141 3173 1476 3219 abbraeoiato.

394 3242 459 3284 18.
487 3241 820 3294 indiynas,
849 3254 872 3283 ‹
902 3240 1166 3294 innocenti,
1194 3240 1541 3284 immeritevoli
1573 3241 1621 3285 di
1645 3241 1812 3295 quello
1832 3242 1999 3285 strazi<

289 3304 720 3359 bondantemente‚
748 3307 1054 3359 largamente
1084 3317 1123 3350 ›.

396 3374 462 3416 19.
488 3375 683 3425 nata:
720 3374 769 3417 la
788 3372 926 3425 figlia
945 3371 1128 3416 Perilla
1156 3372 1246 3417 che
1276 3386 1435 3417 aveva
1463 3373 1657 3425 seguito
1686 3373 1721 3416 il
1750 3375 1927 3419 marito
1949 3375 1997 3419 in

287 3439 412 3489 orie)
443 3438 505 3483 ed
533 3451 622 3483 ora
651 3438 693 3483 si
722 3445 927 3483 trovava
955 3439 1158 3483 lontana
1188 3442 1315 3484 sotto
1347 3438 1544 3484 diverso
1574 3440 1701 3484 eielo
1734 3440 1993 3491 (diversa).

390 3506 457 3549 20.
485 3506 750 3559 certior,
779 3519 802 3549 ‹
833 3505 1180 3559 consapevole‚
1207 3506 1469 3560 partecipe
1499 3518 1537 3551 ›.

390 3573 458 3615 21.
488 3573 843 3626 aspiceres,
876 3585 899 3615 ‹
929 3572 1090 3617 avessi
1121 3571 1365 3625 guardato
1395 3584 1435 3617 ›.

391 3640 457 3682 22.
478 3638 725 3693 forma,
756 3652 779 3682 ‹
812 3642 1010 3692 aspetto
1040 3649 1079 3682 ›.

369 3706 458 3748 23.
478 3704 731 3758 femina
770 3706 1022 3759 virque,
1063 3704 1090 3748 e
1119 3705 1354 3758 generice
1384 3718 1407 3748 ‹
1438 3705 1600 3750 donne
1634 3706 1696 3750 ed
1724 3706 1911 3751 uoniini
1939 3717 1978 3750 ›.

287 3774 521 3823 pax-tonza
549 3783 642 3825 per
670 3770 846 3815 l'esilio
875 3784 1076 3825 pareva,
1105 3785 1131 3815 e
1160 3771 1213 3815 fu
1242 3770 1420 3826 infatti,
1440 3771 1599 3816 simile
1630 3771 1692 3817 ad
1712 3786 1776 3817 un
1795 3772 1999 3816 funeral«

287 3848 382 3881 non
410 3850 471 3880 ne
500 3835 686 3881 ritorno
715 3836 816 3890 piu.
845 3861 896 3867 —
920 3838 1128 3891 pueri,
1147 3850 1170 3881 ‹
1199 3838 1214 3881 i
1245 3838 1458 3892 ragazzi,
1487 3838 1501 3881 i
1532 3838 1749 3883 bambini
1780 3849 1821 3893 ›‚
1848 3836 1953 3882 cioe
1981 3851 1999 3891 1

289 3906 491 3947 sentono
522 3903 702 3947 l’altrui
733 3903 918 3947 dolore.
