2840 4464
1206 228 1398 269 numa
1435 228 1520 282 1v,
1557 214 1601 268 1.

494 334 705 401 vivere
750 354 936 419 quam
982 335 1276 400 miserum
1321 343 1412 399 est
1456 333 1620 398 inter
1664 333 1979 419 Bessosque

580 437 780 515 illum,
827 438 931 523 qui
976 437 1188 523 populi
1235 457 1480 522 semper
1525 436 1589 501 in
1635 457 1741 501 ore
1785 435 1925 502 fuitl

495 558 681 624 quam
724 539 1022 606 miserum
1066 549 1176 617 est,
1221 549 1397 625 porta
1443 539 1633 604 vitam
1677 558 1978 623 muroque

581 641 807 728 vixque
852 641 945 714 sui
990 650 1190 707 tutum
1235 640 1471 707 viribus
1515 661 1645 706 esse
1691 640 1835 705 loci!

498 742 722 829 Aspera
766 743 1022 808 militiae
1065 743 1308 809 iuvenis
1350 743 1683 808 certamina
1728 742 1873 829 fugi,

579 868 691 914 nec
734 848 851 912 nisi
897 850 1106 914 lusura
1151 848 1463 915 movimus
1504 869 1675 915 arma
1719 867 1936 926 manu;

494 970 661 1017 nunc
701 951 907 1018 senior
949 951 1272 1038 gladioque
1314 953 1476 1018 latus
1519 962 1805 1037 scutoque
1851 949 1979 1015 sini:

581 1053 867 1118 canitiem
908 1055 1116 1138 galeae
1161 1053 1518 1139 subicioque
1562 1073 1785 1137 meam.

416 1224 422 1229 ,
491 1152 644 1220 Nam
688 1154 858 1222 dedit
899 1176 934 1220 6
977 1156 1221 1241 specula
1265 1166 1463 1222 custos
1505 1156 1612 1222 ubi
1655 1155 1827 1241 signa
1872 1163 1979 1219 tun

579 1257 893 1328 induimus
938 1257 1176 1343 trepida
1218 1258 1500 1343 protinus
1543 1277 1716 1323 arma
1759 1277 1967 1322 manu.

493 1358 705 1436 HostiS‚
754 1359 988 1425 habens
1031 1380 1206 1425 arcus
1249 1358 1605 1446 imbutaque
1648 1361 1769 1426 tela
1813 1377 1979 1425 vene]

576 1482 792 1527 saevus
836 1461 1152 1527 anhelanti
1199 1462 1442 1528 moenia
1489 1464 1706 1528 lustrat
1750 1480 1938 1546 equ03

494 1573 683 1649 utque
726 1584 917 1649 rapax
958 1563 1275 1649 pecudem,
1322 1584 1479 1649 quae
1525 1584 1649 1630 non
1695 1585 1759 1629 se
1795 1563 1945 1629 texit

575 1686 690 1751 per
732 1675 878 1743 sata,
924 1686 1037 1751 per
1081 1667 1266 1731 silvas
1310 1667 1547 1752 fertque
1593 1667 1903 1751 trahitque
1947 1666 1979 1729 11

491 1768 592 1845 sic,
639 1768 876 1853 siquem
920 1768 1197 1834 nondum
1240 1778 1559 1854 portarum
1603 1788 1783 1854 saepe
1829 1787 1979 1852 rece]

577 1870 876 1936 barbarus
919 1871 984 1934 in
1028 1871 1258 1956 campis
1304 1870 1579 1956 repperit
1626 1871 1833 1947 hostiS,
1884 1868 1979 1934 hal

491 1982 594 2037 aut
637 1972 914 2057 sequitur
956 1983 1164 2058 captus
1208 1972 1597 2058 coniectaque
1643 1973 1885 2037 vincula
1926 1990 1979 2036 cc

577 2075 808 2160 accipit,
853 2085 958 2141 aut
1001 2077 1122 2140 telo
1167 2076 1336 2142 virus
1384 2075 1650 2140 habente
1692 2075 1870 2161 perit.

498 2175 603 2243 Hic
645 2195 754 2265 ego
799 2177 1091 2243 sollicitae
1136 2179 1291 2243 lateo
1338 2198 1535 2244 novus
1580 2177 1775 2243 incola
1820 2176 1979 2243 sedis

578 2280 698 2345 heu
744 2280 1007 2346 nimium
1052 2281 1156 2345 sati
1202 2291 1482 2366 tempora
1524 2283 1704 2367 longa
1748 2280 1904 2347 mei!

491 2381 560 2446 Et
604 2391 810 2447 tamen
856 2382 931 2447 ad
977 2403 1267 2448 numeros
1311 2384 1685 2468 antiquaque
1728 2403 1894 2448 sacra
1941 2403 1979 2446 r«

575 2483 838 2550 sustinet
881 2485 946 2549 in
991 2485 1175 2549 tantis
1223 2485 1462 2570 hospita
1506 2484 1673 2551 Musa
1718 2484 1926 2549 malis!

427 2741 494 2784 68.
522 2740 647 2785 illu-
659 2752 735 2795 m,
764 2753 902 2793 segg.
931 2740 980 2784 di
1009 2742 1189 2786 vivere.

426 2812 494 2855 69.
513 2814 714 2866 porta
756 2824 800 2857 v.
840 2824 1042 2857 muro:
1071 2825 1163 2865 per
1190 2826 1351 2866 paura
1380 2812 1460 2856 dei
1488 2812 1667 2856 nemici
1714 2826 1811 2857 non
1851 2811 1979 2856 uscir

260 2856 267 2864 ⁰
312 2880 454 2926 citta.

426 2953 492 2996 70.
520 2952 794 3005 viribus,
822 2951 956 2996 ossio.
983 2954 1340 2999 munimentis.

427 3024 493 3067 72.
523 3022 778 3077 lusura,
806 3020 912 3066 cioe
945 3023 1161 3068 ludendi
1187 3030 1365 3069 causa.

427 3095 494 3138 73.
521 3094 886 3146 sinistram,
921 3094 1026 3139 scil.
1053 3107 1291 3140 manum.

426 3167 493 3210 75.
523 3166 859 3221 tumultus,
888 3180 911 3211 ‹
941 3166 1211 3220 invasione,
1240 3166 1426 3211 assalto
1456 3166 1756 3220 improvviso
1785 3176 1822 3210 >.

425 3237 495 3280 77.
522 3238 811 3290 venenis,
839 3238 917 3282 col
947 3237 1003 3281 G.
1032 3250 1059 3281 e
1089 3236 1160 3289 L.,
1185 3249 1278 3290 per
1306 3250 1497 3282 veneno
1526 3236 1658 3290 degli
1679 3236 1793 3281 altri
1814 3236 1953 3282 codd.

423 3307 491 3349 78.
521 3305 773 3351 lustrat
814 3308 925 3353 vale
956 3308 1220 3362 obequitat
1250 3310 1298 3351 et
1325 3307 1647 3362 speculatur.

423 3378 490 3420 79.
517 3389 637 3431 rap
651 3390 728 3421 aa:
757 3378 1004 3423 concorda
1032 3391 1123 3423 con
1153 3378 1330 3432 lupus.

424 3448 493 3491 80.
516 3446 677 3501 fert,
704 3459 729 3490 ‹
756 3452 902 3502 porta
929 3448 979 3493 in
1008 3448 1164 3493 bocca
1192 3460 1230 3493 >.
1258 3472 1310 3480 -
1340 3449 1565 3503 trahit,
1595 3461 1617 3492 ‹
1648 3448 1865 3494 trasoina
1894 3459 1932 3493 >.

424 3519 864 3573 81-portarum
905 3531 1117 3574 saepe,
1146 3532 1168 3563 ‹
1199 3518 1373 3563 dentro
1403 3518 1501 3563 alle
1531 3522 1676 3573 porte
1706 3530 1743 3563 ›.

423 3589 490 3632 82.
517 3589 720 3643 habet,
748 3602 772 3633 <
801 3589 866 3633 ha
892 3590 943 3633 in
973 3603 1061 3636 suo
1089 3593 1263 3644 potere
1293 3601 1332 3644 >‚
1361 3590 1437 3634 coi
1467 3589 1609 3635 codd.
1637 3589 1869 3643 migliori,
1887 3604 1979 3644 per

317 3657 527 3703 altrove.

422 3732 490 3774 85.
519 3730 720 3785 lateo,
762 3731 839 3776 col
868 3731 937 3786 L„
961 3744 1052 3785 per
1080 3732 1222 3776 iaceo
1251 3731 1385 3785 degli
1415 3732 1528 3776 altri
1558 3732 1699 3777 codd.

420 3802 487 3845 86.
508 3801 668 3855 sati,
697 3801 804 3846 6166
834 3803 983 3846 vitae.
1010 3826 1063 3833 —
1093 3802 1300 3858 longa,
1331 3803 1408 3847 col
1439 3801 1505 3857 L„
1531 3816 1623 3856 per
1653 3803 1798 3847 lenta
1826 3802 1916 3846 che
1948 3802 1979 3846 si

423 3872 489 3915 87.
517 3882 831 3926 numeros,
860 3884 883 3915 ‹
912 3872 1044 3916 versi
1072 3883 1110 3916 >.
1137 3895 1189 3902 —
1217 3885 1437 3927 saera,
1466 3873 1553 3917 cfr.
1583 3887 1627 3917 n.
1656 3886 1702 3916 v.
1728 3875 1795 3917 28.

421 3942 490 3986 88.
516 3942 804 3997 hospita,
833 3955 857 3986 <
888 3943 1023 3987 esule
1053 3954 1092 3987 ›.
1119 3966 1172 3973 ——
1200 3943 1280 3997 iu,
1311 3956 1334 3987 ‹
1365 3944 1414 3987 in
1444 3956 1607 3987 mezzo
1637 3953 1675 3987 >.
