2840 4464
1205 246 1396 290 LIBER
1432 246 1493 291 11.

518 375 664 425 cum
707 354 945 428 medius
989 355 1233 442 gemino
1276 357 1542 422 calculus
1587 355 1758 423 hoste
1800 357 1981 443 perit,

438 467 508 524 ut
550 459 712 526 male
757 460 916 524 velie
958 477 1218 545 sequens
1262 459 1408 525 sciat
1452 468 1513 525 et
1556 478 1839 526 revocare
1882 461 1978 546 pri

525 581 637 626 nec
680 570 808 627 tuto
853 560 1090 647 fugiens
1133 561 1519 628 incomitatus
1562 572 1684 628 eat:

438 682 628 748 parva
672 663 751 728 sit
791 672 861 729 ut
903 663 1096 729 ternis
1137 664 1431 730 instructa
1480 664 1699 730 tabella
1742 664 1983 752 lapillis,

525 765 590 831 in
635 787 755 852 qua
799 765 1013 832 vicisse
1055 776 1145 832 est
1189 767 1572 833 continuasse
1616 788 1783 834 suos:

440 869 666 955 quique
688 869 792 934 alii
815 871 983 941 lusus
1004 908 1089 916 —
1112 889 1313 956 neque
1335 871 1503 936 enim
1533 891 1696 937 nunc
1724 871 1983 958 persequ

521 970 799 1057 perdere,
846 992 978 1038 rem
1021 986 1242 1052 caram,
1289 982 1566 1059 tempora
1610 985 1816 1039 nostra
1860 977 1983 1040 sole

436 1072 577 1140 Ecce
621 1075 781 1143 canit
824 1074 1049 1141 formas
1093 1076 1250 1142 alius
1295 1076 1606 1161 iactusque
1650 1077 1951 1162 pilarum:

525 1174 622 1241 hic
664 1185 860 1242 artem
906 1177 1095 1243 nandi
1140 1178 1457 1264 praecipit,
1505 1178 1612 1244 ille
1656 1179 1885 1245 trochi:

437 1267 764 1365 composita
807 1288 898 1346 est
940 1281 1076 1346 aliis
1120 1280 1362 1348 fucandi
1407 1301 1552 1348 cura
1596 1281 1840 1348 coloris:

523 1381 620 1448 hic
662 1383 860 1469 epulis
904 1384 1064 1470 leges
1112 1384 1497 1470 hospitioque
1540 1383 1733 1450 dedit:

262 1575 460 1622 bianchi
492 1590 519 1622 e
546 1578 670 1623 neri.
691 1579 862 1632 Questi
890 1580 1030 1634 pezzi
1059 1580 1101 1625 si
1131 1579 1454 1626 chiamavano
1472 1580 1685 1636 milites,
1711 1583 1884 1626 tranne
1905 1595 1983 1626 un«

260 1661 360 1693 non
387 1651 572 1703 poteva
589 1650 687 1695 mai
717 1650 856 1695 venir
876 1663 1038 1706 prese,
1059 1665 1140 1696 ma
1159 1652 1265 1696 solo
1294 1654 1440 1706 posto
1462 1651 1511 1696 in
1531 1651 1749 1697 iscacco:
1780 1652 1849 1705 gli
1870 1652 1983 1696 altri

259 1719 411 1773 presi,
438 1732 491 1765 se
521 1719 562 1764 si
590 1719 874 1766 lasciavano
902 1724 1036 1766 torre
1065 1721 1116 1766 in
1143 1734 1307 1766 mezzo
1337 1721 1402 1766 da
1431 1721 1525 1767 due
1546 1720 1738 1768 nemici.
1762 1721 1862 1769 Ora
1891 1723 1931 1768 si
1961 1722 1983 1767 f

261 1804 329 1835 1111
355 1802 508 1844 pezzo
536 1804 626 1845 per
652 1790 899 1837 liberarne
926 1805 993 1837 un
1022 1792 1148 1837 altro
1178 1791 1489 1842 minacciato‚
1515 1805 1603 1837 ora
1631 1806 1683 1838 se
1711 1806 1773 1838 ne
1804 1792 1983 1847 spinga

262 1859 327 1905 ad
355 1861 604 1915 inseguire
632 1861 668 1906 il
696 1862 902 1917 nemico,
931 1862 1019 1908 cra
1046 1875 1100 1907 se
1127 1876 1189 1907 ne
1218 1863 1424 1908 ritirava.
1452 1863 1663 1909 indietro
1693 1877 1758 1908 un
1778 1864 1904 1909 altro
1924 1877 1981 1908 ac

259 1931 311 1975 in
341 1931 484 1984 guisa
514 1931 578 1976 da
606 1931 917 1977 assicurarne
947 1932 997 1976 la
1025 1931 1232 1986 rim-ata,
1269 1946 1368 1978 ecc.
1408 1957 1463 1964 —
1505 1933 1791 1979 discolor
1835 1935 1983 1979 mile

261 2000 592 2047 contraria.—
619 2005 966 2057 arassetur
993 2006 1167 2048 recto
1215 2003 1454 2057 limite,
1481 2016 1505 2047 ‹
1534 2003 1577 2049 si
1606 2004 1781 2049 avanzi
1810 2015 1847 2048 ›.

340 2074 434 2118 478.
461 2065 711 2119 medius
731 2074 934 2128 perit,
961 2086 985 2119 <
1016 2073 1056 2118 si
1086 2077 1228 2119 trove,
1256 2075 1304 2118 in
1335 2088 1499 2120 mezzo
1531 2076 1607 2120 sul
1636 2079 1789 2130 punto
1819 2075 1983 2122 d’esse]

261 2143 400 2197 giata
427 2153 467 2186 ›.
493 2166 547 2174 —
573 2143 819 2198 yemi‘no
865 2143 1067 2198 hoste,
1094 2157 1119 2188 ‹
1147 2144 1332 2198 perche
1358 2145 1425 2189 ha
1453 2144 1503 2189 di
1532 2145 1693 2191 fronte
1721 2160 1789 2191 un
1816 2144 1983 2201 domii(

337 2215 431 2259 479.
459 2214 590 2259 mal
601 2226 627 2259 e
671 2214 861 2269 velle,
885 2228 910 2260 ‹
938 2214 1175 2261 insidiare
1218 2215 1253 2260 il
1281 2216 1474 2279 116111166
1504 2227 1542 2273 ›‚
1571 2216 1783 2263 secondo
1812 2217 1863 2263 la
1898 2217 1983 2263 lezi

260 2286 372 2331 Vat.
401 2299 427 2332 e
456 2286 510 2330 L.
538 2310 590 2317 —
617 2299 912 2342 sequens,
940 2287 1153 2332 secondo
1184 2288 1233 2332 la
1261 2288 1453 2333 lezione
1484 2288 1563 2333 dei
1592 2288 1732 2334 codd.
1761 2289 1845 2342 316.
1874 2289 1983 2335 rico:

259 2358 410 2412 sequi
437 2356 526 2403 6116
555 2356 604 2401 vi
634 2357 981 2403 sostituisoono
1001 2358 1048 2403 16
1069 2357 1265 2404 antiche
1285 2358 1497 2404 edizioni
1518 2372 1542 2403 ‹
1562 2358 1919 2413 inseguendolo
1939 2371 1977 2406 ›.

264 2440 288 2473 <
316 2426 514 2473 ritirare
543 2427 754 2473 indietro
783 2439 824 2473 ›.

308 2500 405 2544 480.
433 2501 571 2544 tuto
609 2500 901 2555 sufferes,
928 2512 954 2545 <
982 2498 1268 2545 ritirandosi
1297 2500 1346 2545 al
1383 2500 1547 2547 sicuro
1576 2512 1614 2546 ›.
1643 2525 1694 2533 —
1727 2503 1983 2548 incomii

259 2568 562 2625 protezione‚
589 2568 750 2615 difesa
778 2580 820 2612 ›.

332 2642 428 2684 481.
448 2653 693 2695 parva:
723 2653 942 2686 accenna
970 2641 1033 2687 ad
1061 2656 1130 2687 un
1157 2642 1284 2688 altro
1312 2641 1509 2697 3111666,
1536 2643 1670 2689 detto
1702 2643 1837 2697 dagli
1866 2644 1983 2690 anti«

259 2711 406 2756 mola
435 2724 461 2756 6
493 2709 557 2757 da
584 2711 665 2756 noi
686 2712 828 2768 flloo
841 2713 1024 2769 flletto,
1045 2712 1134 2758 che
1165 2713 1207 2758 si
1236 2712 1411 2759 faceva
1440 2727 1532 2759 con
1560 2729 1660 2760 una
1688 2715 1927 2760 tavoletta
1952 2729 1983 2761 s

254 2782 525 2827 incrociate
548 2781 624 2827 fra
647 2782 753 2828 loro
780 2796 807 2827 6
833 2796 924 2829 6611
947 2787 1021 2829 tre
1040 2784 1290 2837 pietruzze
1309 2797 1400 2839 pel
1420 2785 1689 2839 giocatore,
1709 2799 1736 2830 6
1766 2785 1891 2832 dove
1912 2786 1947 2831 il
1966 2801 1983 2831 1

256 2855 443 2897 tuttora
456 2852 539 2898 nel
567 2852 773 2898 riuscire
802 2867 833 2898 a
860 2857 1065 2899 mettere
1086 2854 1135 2899 in
1148 2854 1235 2899 fila
1253 2855 1599 2907 (continuare)
1628 2856 1673 2900 16
1694 2860 1767 2901 tre
1786 2855 1983 2911 pietruz

254 2923 455 2969 formati
483 2923 617 2978 dagli
646 2924 1126 2971 incrocicchiamenti
1155 2925 1283 2971 delle
1312 2926 1457 2972 111166.
1475 2922 1527 2958 -’-
1546 2928 1634 2972 sit
1674 2931 1743 2973 ut
1772 2928 1983 2973 coll'Ehv

257 3008 285 3041 6
305 2996 449 3041 sedet
469 2995 558 3041 che
581 2996 622 3041 si
650 2996 797 3050 16336
828 2997 909 3042 1161
939 2997 1081 3044 codd.
1509 3003 1516 3010 ‘

335 3068 431 3111 483.
460 3067 695 3123 quique
737 3067 763 3112 6
807 3082 1001 3123 sempre
1048 3069 1099 3114 in
1145 3069 1390 3115 relazione
1431 3070 1508 3115 661
1544 3074 1670 3115 sunt
1707 3071 1831 3117 aliis
1868 3072 1983 3127 scri]

261 3151 306 3183 v.
344 3139 443 3183 471.

334 3210 429 3253 484.
456 3221 586 3253 rem
630 3222 874 3265 caram,
902 3210 1220 3266 apposizione
1251 3211 1300 3256 di
1331 3215 1649 3267 tempora,
1675 3226 1699 3257 ‹
1728 3226 1846 3259 cosa
1874 3228 1983 3269 prex

335 3282 431 3325 485.
450 3281 732 3336 formas,
761 3281 851 3326 che
882 3286 1274 3338 erano.quattr0‚
1303 3282 1410 3328 6166
1442 3284 1487 3330 16
1508 3284 1660 3339 pilae
1689 3285 1975 3339 trigonales

256 3350 303 3395 16
326 3350 500 3404 folles,
518 3350 708 3405 palloni
723 3351 772 3397 di
793 3352 934 3398 cuoio
957 3353 1147 3398 elastici
1166 3353 1350 3407 perche
1369 3354 1521 3409 vuoti‚
1536 3354 1581 3400 16
1590 3357 1888 3410 payam'cae
1915 3356 1983 3411 ri}

257 3432 284 3463 6
311 3419 359 3465 16
386 3420 653 3476 harpasta
672 3421 722 3466 di
741 3420 883 3467 cuoio
905 3435 931 3466 e
950 3436 1131 3477 panno.
1154 3423 1203 3467 Si
1223 3423 1497 3476 giocavano
1516 3424 1566 3470 in
1587 3428 1660 3470 tre
1679 3425 1920 3472 muniere:
1941 3428 1983 3472 d«

255 3490 317 3535 ed
345 3492 621 3547 capulam,
639 3492 745 3539 6166
766 3493 1080 3539 lanciandola
1096 3494 1224 3540 colla
1242 3509 1386 3541 mano
1407 3496 1776 3542 all'avversario
1798 3511 1824 3542 6
1846 3498 1983 3544 afferi

256 3574 344 3607 era
370 3562 602 3618 lanciata,
631 3576 659 3608 o
689 3555 978 3618 get'tandola
1007 3579 1036 3609 a
1069 3565 1224 3621 molti,
1256 3566 1345 3611 6116
1384 3567 1640 3613 dovevano
1680 3580 1816 3613 esser
1851 3581 1983 3623 pron·

256 3644 437 3678 owero
465 3633 850 3688 respingendola
877 3636 1350 3681 coll'avambraccio.

335 3704 431 3748 486.
462 3706 700 3751 trochi:
726 3706 776 3751 la
795 3711 943 3753 ruota'
958 3710 1142 3762 poteva
1161 3721 1326 3753 essere
1348 3708 1398 3753 di
1418 3707 1550 3754 ferro
1572 3723 1600 3755 6
1622 3708 1669 3754 di
1690 3710 1853 3765 legno,
1872 3722 1898 3755 6
1919 3710 1960 3755 si

254 3786 319 3818 un
346 3774 604 3821 manubrio
634 3775 684 3821 di
710 3776 840 3822 ferro
871 3791 899 3823 o
929 3791 1019 3823 con
1049 3792 1148 3823 una
1166 3778 1428 3832 verghetta
1456 3778 1505 3823 di
1534 3779 1698 3834 legno.

331 3847 426 3891 487.
445 3847 728 3901 fucandi
773 3849 1036 3905 coloris,
1063 3862 1087 3893 ‹
1108 3849 1158 3894 di
1187 3850 1460 3904 dipingersi
1480 3850 1516 3894 il
1536 3850 1643 3896 viso
1673 3850 1908 3904 dandogli
1935 3865 1983 3896 m

253 3927 388 3962 come
416 3917 623 3970 insegno
653 3919 808 3964 anche
837 3920 1010 3965 Ovidio
1039 3922 1120 3965 nel
1152 3921 1214 3966 de
1240 3921 1588 3966 medicamine
1609 3922 1787 3976 faciei.

330 3989 424 4033 488.
452 3991 604 4044 epul
613 3990 633 4035 i
643 4003 682 4037 s.
710 3990 758 4035 Si
787 3991 969 4038 ricordi
999 3992 1088 4037 6116
1115 3991 1272 4038 Ennio
1302 3991 1531 4038 tradusse
1560 3992 1983 4048 l’Hedyphaqetic

358 4161 385 4203 6
436 4152 453 4182 ‘
492 4159 548 4206 Ο.
576 4159 813 4214 ΝΑεοΝΙε,
848 4159 1109 4207 Tristium
1135 4159 1395 4211 (Cocchia).
