2840 4464
1205 218 1392 258 menn
1431 217 1471 270 1,
1505 203 1553 256 3.

484 326 552 391 Et
597 325 752 390 mihi
802 325 951 390 facta
998 323 1096 388 via
1142 333 1257 389 est:
1306 333 1367 388 et
1402 342 1503 387 me
1547 321 1707 407 capit
1750 321 1965 387 ultima
2012 321 2224 387 tellus:

525 496 528 497 a
563 427 841 493 accedam
885 426 1178 513 profugae
1224 425 1461 490 sarcina
1505 444 1696 511 parva
1743 424 1876 488 rati.

479 530 562 596 Te
606 531 774 597 iubet
819 550 852 595 e
896 529 1093 615 patria
1138 526 1448 593 discedere
1494 525 1763 592 Caesaris
1810 526 1918 603 ira,

564 653 665 697 me
708 632 928 719 pietas:
975 632 1168 716 pietas
1216 631 1365 695 baec
1407 630 1562 694 mibi
1610 628 1828 694 Caesar
1870 627 1987 693 erit
2032 658 2090 691 ι».

478 734 644 799 Talia
689 734 1044 819 temptabat,
1091 734 1243 799 sicut
1286 741 1693 818 temptaverat
1737 742 1898 808 ante,

564 837 790 922 vixque
833 835 1003 901 dedit
1045 835 1232 900 victas
1278 835 1541 900 utilitate
1576 853 1814 898 manus

479 937 786 1025 Egredior,
834 939 964 1003 sive
1009 937 1161 1004 illud
1208 946 1339 1002 erat
1383 937 1518 1002 sine
1562 936 1779 1002 funere
1822 935 1990 1011 ferri,

563 1039 875 1126 squalidus
919 1040 1208 1107 immissis
1255 1039 1417 1104 hirta
1464 1060 1577 1125 per
1622 1058 1727 1103 ora
1770 1037 1975 1103 comis.

479 1142 586 1208 Illa
630 1144 840 1209 dolore
885 1162 1098 1208 amens
1142 1142 1412 1207 tenebris
1459 1151 1746 1206 narratur
1791 1139 2019 1204 obortis

562 1245 940 1311 semianimis
985 1243 1187 1310 media
1231 1244 1627 1331 procubuisse
1672 1242 1889 1308 domo:

480 1357 666 1432 utque
712 1347 1064 1428 resurrexit,
1112 1345 1365 1411 foedatis
1408 1331 1667 1432 pulvere
1711 1345 1876 1430 turpi

534 1449 852 1527 'crinibuS,
901 1459 961 1515 et
1001 1448 1201 1535 gelida
1246 1447 1525 1513 membra
1571 1446 1798 1511 levavit
1847 1447 2051 1522 hum0‚

479 1571 544 1616 se
587 1550 786 1626 mod0‚
834 1551 1103 1617 desertos
1146 1549 1328 1616 modo
1373 1551 1780 1635 complorasse
1824 1557 2094 1634 penateS,

535 1673 791 1719 nomen
838 1663 898 1719 et
948 1652 1140 1739 erepti
1190 1672 1369 1738 saepe
1415 1671 1657 1716 vocasse
1705 1651 1841 1727 viri,

479 1774 589 1820 nec
632 1755 934 1841 gemuisse
978 1755 1204 1832 minUS,
1253 1774 1437 1839 quam
1484 1753 1530 1817 si
1581 1762 1880 1837 nataeque
1925 1751 2143 1835 virique

563 1857 813 1923 vidisset
857 1866 1112 1923 structos
1156 1877 1375 1942 corpus
1424 1856 1651 1920 habere
1698 1874 1888 1941 rogOS,

480 1969 539 2024 et
582 1961 847 2026 voluisse
891 1961 1068 2037 mori,
1114 1959 1438 2024 moriendo
1483 1977 1715 2044 ponere
1760 1977 1991 2034 sensuS‚

566 2073 964 2148 respectuque
1008 2073 1213 2126 tamen
1261 2081 1385 2126 non
1432 2061 1687 2146 periisse
1731 2059 1871 2125 mei.

423 2163 658 2229 ”Vivat
699 2175 760 2230 et
804 2165 1117 2230 absentem
1148 2203 1234 2211 —
1263 2164 1555 2250 quoniam
1600 2163 1684 2227 sic
1730 2162 1846 2227 fata
1894 2163 2139 2228 tulerun

563 2268 729 2333 vivat
771 2279 833 2334 et
876 2268 1103 2334 auxilio
1148 2269 1431 2334 sublevet
1475 2286 1668 2349 usque
1712 2286 1837 2331 suo.

414 2599 481 2642 83.
501 2598 688 2652 sacta
730 2598 857 2653 via,
885 2610 908 2640 ‹
939 2609 1174 2641 concessa
1203 2597 1252 2641 la
1280 2594 1467 2641 facolta
1497 2596 1547 2639 di
1575 2596 1761 2650 partire
1792 2605 1900 2639 ›.—
1930 2595 2121 2649 capit,

303 2667 564 2722 prendere,
592 2671 856 2713 contenere
887 2678 940 2720 »ς
965 2667 1162 2711 ultima
1191 2667 1362 2720 tellus,
1392 2666 1500 2711 cioe
1531 2667 1581 2710 la
1609 2665 1781 2711 Scizia.

412 2740 480 2783 84.
503 2750 712 2792 parva
753 2741 1050 2790 sarcina,
1093 2749 1116 2781 <
1146 2750 1172 2781 e
1202 2736 1316 2781 saro
1344 2736 1507 2790 picco}
1537 2750 1660 2791 peso
1690 2747 1729 2781 ›.

415 2811 481 2853 86.
514 2807 766 2862 Caesar,
797 2808 872 2852 ‹il
902 2808 999 2852 mio
1029 2807 1270 2861 cesare),
1288 2806 1395 2851 cioe
1426 2807 1608 2853 motivo
1631 2806 1939 2851 ineluttabile
1961 2805 2011 2850 di
2031 2806 2143 2850 lasci

304 2880 356 2923 la
382 2879 550 2933 patria
575 2892 667 2933 per
694 2878 834 2922 venir
862 2881 986 2924 teoo.

415 2950 481 2993 88.
511 2945 686 2993 dedit
730 2961 959 2993 manue
1000 2949 1238 3001 victas,
1281 2961 1304 2992 ‹
1337 2948 1376 2991 si
1407 2946 1646 3000 rassegno
1677 2958 1716 3001 ›,
1754 2945 2003 2991 mettendo
2031 2946 2077 2991 le
2116 2960 2143 2991 s

307 3019 474 3073 quelle
495 3017 624 3063 dello
646 3032 808 3073 sposo.
828 3041 879 3049 —
908 3018 1214 3062 utilitate
1230 3051 1242 3072 ‚
1277 3018 1328 3061 in
1347 3016 1749 3063 considerazione
1771 3017 1850 3061 del
1874 3016 2142 3070 vantaggio

307 3089 483 3143 nendo,
510 3094 692 3143 poteva
721 3102 949 3133 arreca-re
980 3089 1027 3133 al
1057 3088 1248 3133 marito.

414 3161 480 3204 89.
507 3160 640 3204 sive
681 3160 856 3204 illud
899 3162 1065 3213 erat,
1110 3173 1133 3203 ‹
1165 3172 1217 3203 se
1248 3158 1352 3204 cosi
1395 3158 1436 3203 si
1475 3158 1575 3212 pub
1619 3158 1867 3203 chiamare
1911 3158 2080 3213 quello
2109 3168 2143 3201 ›.

305 3231 419 3275 vale
449 3230 638 3285 efferri.

411 3303 479 3345 90.
506 3301 715 3354 hirta,
756 3300 938 3354 perche
967 3313 1058 3353 per
1087 3300 1123 3343 il
1153 3299 1324 3344 dolore
1353 3313 1450 3343 non
1480 3302 1605 3344 s'era
1635 3303 1804 3345 rasata
1834 3299 1883 3344 la
1911 3299 2082 3344 barba.

413 3375 480 3416 91.
508 3372 794 3416 tenebris
838 3371 1112 3423 obortis,
1156 3370 1204 3415 in
1235 3369 1512 3423 significato
1542 3370 1847 3424 metaforico,
1875 3384 1898 3414 ‹
1928 3370 2127 3424 perduti

413 3445 480 3487 97.
507 3443 772 3497 virique,
802 3442 878 3487 coi
908 3441 1048 3487 codd.
1079 3441 1135 3486 G.
1155 3455 1180 3486 e
1202 3441 1275 3496 V„
1303 3455 1394 3496 per
1423 3454 1698 3496 meumque
1726 3442 1815 3487 che
1845 3442 1919 3486 v’e
1948 3441 2143 3487 sostitui

414 3515 481 3558 98.
508 3526 722 3567 roaos,
765 3527 823 3558 su
851 3512 931 3557 cui
961 3527 992 3557 a
1019 3512 1176 3557 Roma
1205 3512 1246 3557 si
1277 3512 1579 3557 bruciavano
1611 3512 1626 3556 i
1656 3512 1904 3558 cadaveri.

388 3586 478 3629 100.
498 3584 785 3639 periisse
831 3585 909 3629 coi
939 3582 1078 3627 codd.
1108 3582 1323 3635 migliori
1350 3596 1443 3636 per
1469 3584 1697 3628 voluisse
1726 3582 1815 3628 che
1846 3583 1886 3627 si
1916 3584 2060 3636 legge
2092 3583 2138 3627 al

307 3653 431 3699 sersi
461 3655 579 3699 data
609 3654 657 3699 la
686 3658 842 3699 morte
872 3664 911 3697 ›.

388 3727 480 3769 102.
506 3726 709 3771 vivat:
747 3726 796 3770 la
838 3725 1130 3779 ripetizione
1159 3724 1310 3770 rende
1349 3724 1439 3778 piu
1483 3724 1681 3769 efficace
1713 3725 1968 3778 rangario.
2005 3748 2055 3755 —
2085 3728 2141 3768 et

305 3809 396 3849 per
424 3800 484 3841 ut
503 3796 592 3841 che
611 3795 660 3841 vi
691 3796 1038 3842 sostituiscono
1068 3796 1136 3849 311
1167 3796 1280 3841 altri
1309 3796 1503 3850 editori,
1535 3795 1693 3840 dietro
1723 3794 1975 3849 l'esempio
2005 3794 2082 3839 del
2113 3793 2143 3838 S
