2840 4464
1176 268 1364 311 mmm
1399 268 1490 322 111,
1530 254 1609 309 10.

491 375 606 441 Vix
650 374 941 462 equidem
979 374 1220 453 credar;
1269 373 1375 440 sed
1418 373 1559 440 cum
1603 373 1651 438 si

576 479 765 555 nulla,
815 487 1011 542 ratam
1055 476 1235 542 debet
1280 476 1449 542 testis
1496 476 1651 542 habe

491 579 759 646 vidimus
802 580 1114 665 ingentem
1157 580 1347 664 glacie
1389 579 1650 644 consiste

577 682 931 767 lubricaque
977 681 1259 747 immotas
1303 681 1651 767 testa'pren

489 783 609 850 Nec
651 784 874 850 vidisse
919 795 1011 850 sat
1053 794 1169 864 est;
1216 784 1445 850 durum
1488 785 1647 849 calca

576 886 862 972 undaque
907 907 1033 952 nou
1078 886 1199 953 udo
1243 887 1356 952 suh
1384 885 1557 972 pede
1587 883 1651 970 ‘st

490 989 552 1054 Si
600 988 713 1054 tibi
761 991 878 1055 tale
922 990 1147 1055 fretum
1191 988 1522 1075 quondam,
1569 988 1651 1053 Le

577 1110 701 1156 non
745 1091 901 1157 foret
945 1102 1233 1178 angustae
1279 1111 1447 1156 mors
1491 1100 1592 1156 tua
1637 1110 1651 1154 ‹

487 1192 645 1258 Tum
689 1213 890 1279 neque
934 1214 999 1260 se
1041 1193 1230 1280 pandi
1274 1203 1530 1279 possunt
1575 1192 1651 1257 de

575 1301 819 1366 tollere:
865 1310 1154 1366 conantes
1196 1299 1350 1366 dura
1395 1308 1627 1366 coercet

488 1410 551 1466 et
595 1403 874 1487 quamvis
918 1403 1133 1468 boreas
1178 1402 1408 1467 iactatis
1455 1400 1651 1466 insen(

580 1504 795 1570 fluctus
840 1505 904 1569 in
952 1504 1195 1571 obsesso
1237 1505 1476 1590 gurgite
1521 1506 1651 1569 null

489 1603 877 1692 inclusaeque
919 1609 1060 1694 gelu
1104 1607 1367 1684 stabunt,
1417 1616 1483 1672 ut
1525 1627 1651 1671 mat

575 1728 687 1774 nec
727 1710 953 1795 poterit
996 1709 1221 1797 rigidas
1267 1709 1506 1774 findere
1550 1705 1651 1774 ren

496 1799 771 1878 Vidimus
814 1813 879 1877 in
924 1813 1114 1900 glacie
1156 1813 1350 1899 pisces
1397 1812 1651 1878 haerere

577 1914 681 1979 sed
725 1935 869 2000 pars
913 1936 989 1980 ex
1032 1915 1157 1980 illis
1201 1924 1346 1980 tunc
1390 1934 1634 2000 quoque

493 2015 640 2080 Sive.
679 2016 864 2103 igitur
907 2016 1083 2082 nimii
1131 2017 1348 2082 boreae
1392 2017 1487 2081 vis
1530 2036 1651 2082 saei

576 2117 704 2183 sive
748 2118 1118 2185 redundatas
1160 2119 1418 2186 flumine
1462 2119 1616 2206 cogit

428 2414 497 2457 35.
524 2414 634 2458 sed
674 2426 838 2458 eum:
867 2427 946 2458 ma
974 2426 1072 2458 non
1102 2412 1293 2457 avendo
1323 2412 1371 2457 io
1398 2426 1579 2457 nessun
1611 2426 1651 2465 ς]

321 2482 425 2527 mia
452 2481 829 2529 testimonianze.
856 2488 1078 2528 ottenere
1108 2487 1246 2528 certa
1274 2483 1532 2527 eredenza.

426 2556 494 2599 38.
523 2553 779 2600 lubrica
817 2558 1017 2608 testa,
1042 2566 1066 2598 ‹
1095 2557 1262 2599 crosta
1291 2553 1340 2597 di
1370 2552 1595 2607 ghiacoio
1624 2564 1649 2595 >

426 2627 494 2670 40.
521 2626 842 2681 undaque,
883 2638 907 2670 ‹
937 2639 963 2670 e
993 2625 1029 2669 il
1056 2624 1205 2679 piede
1232 2624 1357 2679 pose>
1396 2625 1527 2670 sulla
1562 2638 1651 2678 sup

316 2696 492 2749 guarni
521 2707 562 2741 ›.

425 2770 493 2812 41.
522 2767 668 2822 tale,
699 2767 804 2814 scil.
829 2771 890 2813 ut
917 2767 1119 2812 calcari
1151 2767 1378 2822 pedibus
1411 2768 1606 2821 posset.
1648 2790 1651 2796 ·

317 2837 585 2890 tragittare
614 2837 664 2882 di
693 2842 830 2883 notte
859 2852 890 2882 a
917 2842 1068 2884 nuoto
1097 2838 1146 2882 lo
1175 2840 1351 2882 stretto
1382 2836 1651 2890 dell‘Eues3

320 2922 414 2953 sua
443 2913 654 2964 amante,
682 2909 730 2954 vi
757 2909 986 2963 perdette
1017 2909 1067 2953 la.
1093 2908 1212 2954 vita.

426 2982 494 3024 42.
523 2983 870 3034 anqustae:
897 2978 1082 3033 perche
1111 2978 1400 3032 l’ampiezza
1431 2978 1651 3023 dell’Elle

425 3052 495 3095 43.
523 3043 688 3103 tum,
717 3050 824 3095 cioe
854 3049 1053 3104 quando
1082 3049 1118 3093 il
1146 3062 1282 3094 mare
1312 3048 1339 3093 e
1369 3048 1550 3101 gelato.
1577 3072 1651 3102 —4

322 3123 428 3165 teto
457 3120 508 3165 di
534 3122 998 3176 repandirostrum
1027 3132 1053 3164 e
1081 3120 1548 3168 incurvicervicum
1569 3132 1651 3174 pe«

425 3193 494 3235 44.
523 3192 744 3245 hiems,
770 3190 883 3235 vale
912 3203 1057 3245 aqua
1083 3189 1372 3244 congelata,
1399 3190 1610 3244 glacies.

427 3264 497 3305 45.
526 3262 817 3316 iactatis,
845 3273 869 3303 ‹
899 3260 1136 3315 agitando
1167 3272 1208 3304 ›.

425 3334 494 3378 46.
522 3333 803 3385 obsesso,
832 3332 937 3378 scil.
965 3322 1148 3377 veniis.

425 3406 494 3449 47.
519 3408 588 3449 ut
628 3415 968 3457 marmore,
1011 3404 1089 3448 col
1120 3403 1192 3457 G„
1218 3415 1310 3457 per
1338 3403 1396 3447 in
1441 3403 1651 3458 margin

317 3473 515 3528 magiae
545 3472 572 3519 ὸ
616 3473 841 3519 derivata
878 3473 959 3518 dal
1004 3474 1169 3519 colore
1212 3474 1302 3518 che
1343 3477 1579 3528 presente.
1620 3472 1651 3517 12

317 3558 494 3600 acque.
1597 3585 1601 3588 Α

425 3620 494 3661 51.
522 3617 622 3662 L’a.
650 3615 853 3671 ripiglia
884 3615 948 3661 da.
976 3619 1152 3670 questo
1180 3618 1336 3670 punto
1366 3615 1415 3660 la
1442 3614 1651 3659 narrazi‹

318 3690 459 3741 gotta
486 3686 626 3733 Tomi
651 3700 744 3741 per
770 3690 915 3740 parte
945 3685 1075 3731 delle
1103 3685 1419 3741 popolazioni
1463 3685 1651 3730 barber.

318 3758 564 3814 Danubio,
588 3758 878 3804 narrazione
907 3758 1169 3802 interi-otta
1197 3757 1275 3802 eol
1290 3771 1334 3802 v.
1351 3759 1415 3812 10,
1430 3770 1521 3810 per
1541 3756 1651 3801 desc

319 3833 523 3884 paseato
553 3829 686 3874 nella
714 3828 888 3874 Scizia.

426 3902 492 3945 52.
519 3901 957 3952 redundatas,
1000 3912 1138 3944 come
1180 3898 1363 3944 accede
1409 3898 1459 3943 di
1503 3897 1617 3943 tutti

318 3971 500 4025 cogit,
527 3970 660 4016 ossia
687 3970 1014 4026 constr-imit,
1041 3982 1065 4014 ‹
1094 3969 1388 4023 agghiaooia
1420 3981 1459 4013 ›.

149 4410 335 4440 &sik-f.
