2840 4464
987 805 1344 880 LIBER
1399 803 1891 898 TERTIUS

1437 1213 1479 1279 1.

559 1434 584 1462 «
629 1405 841 1471 Missus
887 1403 950 1469 in
999 1403 1156 1468 hanc
1198 1401 1380 1468 venio
1425 1401 1658 1488 timide,
1690 1401 1848 1468 liber
1892 1403 2139 1480 exsuliS‚

625 1505 1047 1594 da‘placidam
1091 1505 1266 1582 feSSO,
1312 1507 1503 1571 lector
1546 1505 1757 1583 amice,
1804 1524 2077 1572 manum.

545 1611 707 1677 Neve
749 1608 1099 1687 reformida,
1146 1629 1226 1674 ne
1269 1608 1386 1672 sim
1433 1606 1543 1672 tibi
1590 1606 1744 1674 forte
1787 1608 2036 1694 pudori:

631 1715 847 1780 nullus·
883 1713 949 1778 in
996 1711 1108 1777 hac
1149 1710 1361 1776 charta
1404 1730 1618 1776 versus
1663 1731 1871 1776 amare
1913 1710 2102 1777 docet.

546 1816 702 1883 Haec
743 1814 976 1882 domini
1023 1815 1264 1880 fortuna
1307 1813 1432 1879 mei
1477 1824 1585 1890 est,
1631 1824 1699 1880 ut
1742 1814 1961 1880 debeat
2003 1815 2151 1879 illan

631 1919 846 1985 infelix
882 1917 1068 1984 nullis
1112 1916 1501 1982 dissimulare
1543 1917 1703 1982 iocis,

546 2021 610 2086 Id
656 2041 916 2109 quoque,
962 2019 1123 2106 quod
1167 2018 1352 2084 viridi
1398 2018 1707 2104 quondam
1754 2020 1917 2085 male
1961 2020 2104 2086 lusit
2147 2042 2151 2084 3

635 2124 757 2191 heu
803 2122 1065 2189 nimium
1111 2142 1246 2187 sero
1289 2120 1542 2187 damnat
1585 2131 1646 2187 et
1688 2121 1815 2187 odit
1858 2143 2029 2208 opus,

455 2308 458 2311 Α
543 2225 779 2313 Inspi'ce
824 2225 970 2311 quid
1015 2235 1284 2312 portem:
1331 2225 1491 2290 nihil
1541 2225 1636 2291 hic
1681 2225 1799 2290 nisi
1843 2225 2017 2291 triste
2060 2224 2151 2292 vid

629 2330 900 2403 carmine
945 2327 1321 2415 temporibus
1364 2326 1769 2394 conveniente
1812 2329 1954 2395 suis,

545 2432 772 2499 Clauda
816 2431 978 2517 quod
1022 2434 1260 2497 alterno
1304 2430 1628 2496 subsidunt
1672 2431 1942 2497 carmina
1986 2452 2151 2498 versi

630 2536 727 2601 vel
773 2534 946 2621 pedis
994 2534 1106 2599 hoc
1149 2533 1323 2611 ratio,
1354 2535 1454 2599 vel
1502 2532 1599 2599 via
1645 2536 1823 2620 longa
1868 2532 2036 2600 facit:

546 2637 706 2725 quod
751 2658 952 2723 neque
995 2657 1129 2704 sum
1175 2636 1354 2703 cedro
1387 2637 1581 2703 ssavus
1627 2657 1738 2703 nec
1780 2638 2021 2723 pumice
2067 2639 2151 2703 lex

632 2740 852 2807 erubui
897 2739 1147 2805 domino
1191 2739 1408 2805 cultior
1454 2759 1584 2805 esse
1615 2759 1770 2805 meo.

454 2953 618 3000 LIB.
649 2953 779 2999 ΙΙΙ.
809 2978 864 2985 -
889 2953 1120 3007 megia
1147 2952 1203 3009 1,
1237 2951 1370 2998 nella
1399 2952 1548 3008 quale
1582 2951 1617 2998 il
1648 2955 1799 3008 poeta
1835 2951 2151 2999 raccomande

374 3025 532 3080 primo
563 3024 689 3070 libro
720 3025 848 3070 delle
879 3038 966 3069 sue
996 3023 1258 3069 Tristezze.

505 3098 545 3141 3.
573 3096 833 3151 pudori,
864 3112 884 3135 ι
914 3096 951 3140 ti
979 3095 1142 3140 faceia
1168 3107 1425 3149 vergogna
1455 3106 1478 3138 >
1508 3094 1858 3149 l’accogliermi
1888 3109 1916 3142 o
1946 3095 1981 3141 il
2011 3109 2151 3144 sorre

507 3169 547 3211 6.
575 3167 756 3222 iocis,
794 3165 902 3212 cioe
932 3166 1258 3212 carminibus
1285 3166 1487 3211 iocosis.
1983 3225 1987 3230 Ι

507 3241 546 3283 7.
573 3238 762 3293 male,
790 3238 923 3284 ossia
950 3237 1316 3291 infelae'citer.—
1344 3238 1549 3282 viridi
1577 3237 1643 3283 in
1674 3251 1846 3293 aevo,
1874 3251 1899 3282 <
1925 3239 2059 3284 nella
2088 3253 2148 3284 ve

374 3308 660 3364 giovinezza
689 3320 728 3355 ›.
753 3332 806 3339 ——
832 3308 899 3353 id
945 3322 1188 3363 quoquo
1216 3308 1464 3353 concorda
1492 3321 1584 3354 eon
1614 3322 1762 3364 opus.

480 3383 544 3425 11.
573 3380 844 3425 clauda:
874 3380 909 3423 il
938 3382 1095 3425 metro
1125 3378 1348 3433 elegiaco
1379 3378 1406 3423 ὸ
1435 3380 1731 3434 zoppioante
1760 3381 1841 3425 nel
1872 3381 2086 3427 secondo
2113 3396 2151 3427 v«

370 3451 582 3497 termina
608 3455 746 3497 tanto
777 3464 807 3495 a
835 3450 966 3495 meto.
995 3449 1084 3494 che
1114 3450 1164 3494 in
1191 3450 1286 3494 fine
1326 3463 1418 3495 eon
1455 3464 1555 3496 una
1593 3464 1752 3505 pausa
1778 3456 2005 3506 (cesara),
2043 3467 2151 3508 pam

371 3521 528 3567 tuisee
558 3522 609 3567 la
637 3521 985 3576 suppressione
1024 3533 1052 3565 o
1091 3520 1323 3566 catalessi
1355 3520 1485 3565 delle
1530 3521 1623 3567 due
1667 3522 1760 3567 tesi
1804 3523 1883 3568 del
1920 3527 2056 3569 terzo
2097 3538 2123 3568 e

482 3596 545 3638 12.
567 3594 756 3647 pedis
802 3593 1000 3647 ratio,
1031 3592 1080 3636 la
1110 3592 1313 3646 ragione
1345 3592 1425 3637 del
1455 3597 1609 3639 metro
1640 3593 1880 3650 elegiaco,
1919 3595 2009 3639 che
2047 3595 2151 3639 rich

374 3666 582 3709 tametro
612 3663 744 3718 dopo
773 3678 840 3708 un
869 3666 1129 3708 esametro.

482 3736 545 3779 13.
574 3734 761 3780 cedro
799 3734 1053 3788 flavus,
1088 3732 1258 3778 invece
1286 3733 1334 3777 di
1363 3734 1545 3787 fulvus
1564 3733 1654 3779 che
1676 3734 1714 3780 si
1747 3735 1891 3789 legge
1910 3736 1992 3780 nel
2014 3735 2071 3779 G.
2092 3749 2118 3779 e
2139 3736 2151 3753 ¹

298 3837 335 3879 N
370 3817 609 3860 nomano,
635 3805 805 3850 invece
835 3804 885 3849 di
915 3809 1069 3860 carta,
1087 3817 1404 3860 pemamene,
1423 3805 1512 3850 che
1531 3805 1772 3852 venivano
1793 3806 2008 3860 levigato
2030 3818 2122 3851 con
2144 3820 2151 3860 ]

377 3884 404 3916 e
433 3872 675 3926 spalmate
705 3870 852 3916 d'olio
883 3870 931 3915 di
961 3870 1124 3916 cedro.

483 3945 546 3989 14.
576 3942 817 3989 erubui.
845 3940 1143 3987 Sottintendi
1168 3941 1353 3997 prima:
1382 3955 1405 3988 ‹
1436 3941 1512 3988 οἰὸ
1542 3943 1747 3989 avviene
1776 3941 1980 3997 perche.
1998 3979 2007 3989 .
2025 3978 2062 3990 ..
2100 3955 2144 3990 ›.
