2840 4464
1178 253 1369 296 menn
1402 239 1601 308 1v‚10.
2357 239 2460 295 163

482 361 694 428 Frater
737 362 815 428 ad
858 361 1172 447 eloquium
1216 360 1400 427 viridi
1447 361 1734 428 tendebat
1777 362 1854 428 ab
1898 382 2069 439 aevo,

568 464 747 531 fortia
791 465 1032 530 verbosi
1078 472 1257 530 natus
1302 465 1379 530 ad
1423 484 1596 530 arma
1638 464 1774 530 fori.

482 567 556 633 At
600 568 756 633 mihi
802 568 928 632 iam
970 587 1166 652 puero
1210 567 1489 632 caelestia
1534 587 1701 633 saera
1745 568 2085 654 piaeebant,

569 670 758 757 inque
803 689 983 737 suum
1027 669 1241 736 furtim
1285 670 1453 736 Musa
1495 671 1779 737 trahebat
1821 692 1992 757 opus,
2373 673 2459 737 20

481 773 678 858 Saepe
720 782 897 859 pater
940 772 1133 838 dixit:
1179 799 1207 829 κ
1255 772 1566 839 Studium
1583 773 1731 858 quid
1761 773 1994 840 inutile
2037 779 2338 903 temptas?

567 875 912 941 Maeonides
956 876 1158 941 nullas
1202 875 1333 961 ipse
1380 875 1631 961 reliquit
1673 894 1819 962 opes
1863 902 1923 941 ι.
2015 897 2020 901 ·

486 977 679 1044 Motus
723 997 894 1044 eram
938 977 1131 1056 dietis,
1175 986 1424 1065 totoque
1468 978 1752 1046 Helieone
1796 978 2003 1045 relicto

569 1062 837 1146 scribere
877 1080 1144 1147 conabar
1185 1080 1374 1145 verba
1418 1082 1614 1147 soluta
1659 1081 1886 1147 modis:

486 1192 702 1268 sponte
745 1195 852 1247 sua
897 1201 1144 1247 carmen
1191 1202 1481 1248 numeros
1525 1183 1811 1248 veniebat
1854 1183 1931 1248 ad
1975 1193 2168 1269 aptOS,
2372 1184 2456 1248 25

446 1276 453 1281 ’
571 1294 651 1362 et,
697 1284 860 1370 quod
903 1285 1276 1371 temptabam
1322 1284 1542 1362 dicere,
1589 1284 1803 1351 versus
1847 1295 1994 1352 erat.

488 1385 743 1464 Interea,
789 1387 966 1452 tacito
1008 1407 1190 1473 passu
1234 1387 1583 1454 labentibus
1626 1389 1823 1465 anniS,

572 1489 826 1555 liberior
869 1488 1041 1553 fratri
1089 1490 1331 1575 sumpta
1375 1489 1656 1575 mihique
1700 1500 1835 1577 toga
1881 1501 1989 1569 est,

488 1590 887 1677 induiturque
930 1592 1162 1657 umeris
1205 1612 1343 1657 eum
1387 1593 1510 1657 lato
1554 1593 1831 1678 purpura
1875 1595 2065 1671 olavo,

572 1705 634 1759 et
676 1693 947 1760 studium
990 1694 1185 1773 nohiS,
1233 1695 1395 1779 quod
1442 1694 1554 1760 fuit
1597 1705 1757 1773 ante,
1803 1705 2029 1760 manet.
2376 1695 2461 1762 30

487 1795 733 1882 Iamque
776 1796 986 1862 decem
1030 1796 1192 1863 vitae
1235 1796 1426 1862 frater
1465 1796 1886 1884 geminaverat
1929 1818 2141 1875 annoS,

571 1917 711 1964 eum
753 1899 932 1984 perit,
979 1908 1040 1964 et
1082 1899 1251 1985 coepi
1296 1897 1473 1985 parte
1515 1919 1723 1965 carere
1766 1900 1907 1964 mei.

488 1999 775 2086 Cepimus
817 2011 878 2067 et
924 2011 1170 2066 tenerae
1211 2002 1447 2087 primos
1490 2002 1703 2066 aetatis
1749 2001 2031 2080 honoreS,

574 2102 772 2189 deque
815 2103 966 2168 viris
1010 2102 1321 2189 quondam
1364 2124 1509 2189 pars
1551 2103 1749 2170 trihus
1792 2124 1917 2169 una
1960 2104 2066 2171 fui.

486 2203 666 2271 Curia
714 2206 1007 2271 restabat:
1054 2206 1209 2271 elavi
1253 2225 1542 2273 mensura
1587 2216 1786 2273 coacta
1828 2217 1953 2273 est:
2376 2207 2459 2275 35

571 2308 769 2373 maius
811 2318 943 2373 erat
986 2308 1208 2373 nostris
1252 2308 1489 2374 viribus
1532 2308 1687 2374 illud
1731 2328 1904 2375 onuS.

428 2558 492 2600 18.
520 2557 795 2610 verbosi,
823 2570 846 2601 ‹
875 2556 1102 2611 loquetae,
1129 2556 1355 2610 parolaio
1384 2568 1424 2602 ›.

429 2628 493 2671 19.
522 2627 838 2672 caelestia
880 2640 1098 2681 sacra,
1124 2627 1258 2672 essia
1286 2640 1446 2673 saera
1473 2628 1771 2673 Musarum.

425 2699 493 2742 20.
513 2697 778 2752 furtim,
813 2697 921 2743 eioe
950 2698 1268 2752 all’insaputa
1298 2697 1376 2743 del
1406 2698 1579 2752 padre.
1762 2739 1765 2742 Α

426 2769 494 2812 22.
520 2767 913 2822 Maeonides,
955 2768 1147 2822 Omero,
1176 2768 1312 2813 dalle.
1342 2769 1541 2814 Meonia
1569 2783 1660 2814 sua
1687 2770 1870 2824 patria.

425 2839 495 2881 23.
520 2837 794 2882 Helicon
807 2851 853 2891 e,
891 2841 1053 2882 monte
1084 2850 1226 2882 sacro
1256 2838 1354 2883 alle
1382 2838 1538 2883 Muse.

427 2907 494 2948 24.
522 2904 743 2948 soluta
783 2904 1013 2958 modis,
1044 2918 1067 2949 ‹
1098 2903 1148 2948 in
1175 2917 1326 2958 prosa
1353 2915 1393 2949 >.

425 2977 493 3018 26.
523 2975 747 3029 dicere,
783 2975 860 3019 ool
890 2975 1015 3028 Vnt„
1041 2987 1133 3028 per
1160 2975 1385 3020 seribere
1413 2975 1503 3021 che
1534 2975 1576 3020 si
1602 2975 1748 3030 legge
1778 2978 1982 3023 altrove.

428 3046 495 3088 28.
524 3044 797 3090 liberior
838 3048 1012 3100 toqa:
1052 3058 1076 3089 ‹
1104 3044 1156 3089 le.
1192 3049 1312 3098 toga
1339 3045 1483 3091 virile
1511 3057 1559 3100 ›‚
1587 3046 1677 3091 ehe
1707 3047 1748 3092 si
1783 3048 2058 3103 prendeva,
2087 3049 2326 3095 entrando
2357 3051 2464 3096 nel-

321 3113 693 3170 l'adoleseenza,
718 3115 853 3160 nelle.
880 3116 1011 3160 festa
1040 3115 1120 3159 del
1147 3115 1305 3169 padre
1332 3115 1527 3170 Libero,
1554 3116 1687 3161 ossia
1716 3117 1765 3161 di
1793 3118 1968 3173 Baeeo,
1987 3119 2152 3165 all’eta
2180 3119 2230 3164 di
2260 3123 2311 3165 17
2331 3121 2463 3166 anni.

429 3187 496 3229 29.
527 3186 658 3230 lato
691 3198 867 3240 pur-p
879 3198 1002 3230 ura
1043 3185 1099 3230 cl
1110 3199 1250 3231 avo:
1288 3198 1425 3231 come
1456 3186 1712 3232 distintivo
1740 3201 1958 3233 usavano
1986 3188 2002 3233 i
2033 3190 2250 3235 senatori
2279 3204 2307 3236 e
2336 3190 2354 3235 i
2381 3204 2464 3237 oa-

320 3254 497 3300 valieri
526 3255 687 3300 orlare
715 3255 765 3299 la
792 3255 959 3300 tunica
988 3255 1038 3299 di
1067 3255 1239 3300 strisee
1275 3256 1325 3300 di
1352 3269 1573 3310 poi-pora
1602 3256 1734 3302 dette
1763 3259 1913 3312 olavi,
1942 3259 2022 3304 dei
2049 3261 2187 3313 quali
2217 3260 2243 3305 ὸ
2272 3261 2465 3307 ineerta

321 3323 374 3370 la
401 3325 580 3377 forma,
610 3324 698 3370 efr.
727 3324 875 3370 Sum.
901 3326 1035 3380 Aua.
1061 3326 1139 3369 38:
1171 3326 1350 3371 liberie
1376 3330 1697 3380 senatorum,
1725 3340 1825 3382 quo
1853 3329 2072 3375 celerius
2107 3332 2188 3376 rei
2214 3333 2468 3387 publicae

321 3396 703 3449 adsuescerent,
715 3396 967 3450 protinus
992 3396 1202 3441 virilem
1230 3400 1419 3451 toqam,
1439 3397 1612 3441 latum
1639 3398 1849 3447 clavum
1875 3400 2094 3446 induere
2112 3405 2161 3447 et
2186 3403 2368 3448 curiae
2386 3405 2469 3449 in-

319 3469 512 3511 teresse
539 3466 796 3520 permisit.

428 3539 496 3581 30.
523 3537 829 3589 studium,
857 3550 882 3581 ‹
911 3537 1149 3582 tendenze
1177 3548 1217 3581 ›.

427 3608 494 3652 33.
514 3608 768 3662 primos
809 3608 1110 3653 honores:
1152 3607 1389 3662 Pedilita,
1418 3609 1469 3654 la
1497 3614 1756 3664 questura,
1798 3611 1832 3655 il
1862 3613 2170 3659 triumvirato
2209 3613 2271 3658 ed
2300 3614 2468 3660 alcuni

317 3676 433 3722 altri
463 3677 756 3731 magistrati,
783 3677 873 3723 che
902 3677 944 3722 si
973 3678 1208 3724 solevano
1237 3678 1479 3724 eonferire
1515 3679 1562 3724 ai
1592 3681 1806 3734 giovani.

426 3751 494 3793 34.
523 3749 720 3804 deque
759 3750 949 3795 viris:
975 3763 1000 3794 ‹
1030 3763 1056 3795 e
1086 3749 1158 3795 fui
1185 3750 1404 3796 membro
1436 3750 1514 3796 del
1544 3752 1753 3806 collegio
1785 3754 2087 3799 triumvirale
2116 3765 2155 3808 ›‚
2173 3755 2467 3808 magistratu

320 3818 412 3864 che
440 3820 673 3873 vegliava
701 3819 826 3864 sulle
856 3820 1059 3865 eareeri.

428 3892 496 3935 35.
524 3892 711 3936 curia
751 3892 1077 3936 restabat:
1116 3894 1315 3937 restava
1352 3893 1402 3937 la
1440 3893 1633 3947 dignita
1669 3894 1992 3951 senatoriale3
2030 3908 2111 3940 me.
2144 3896 2184 3941 si
2212 3895 2337 3942 vede
2375 3896 2468 3942 ohe

321 3973 419 4005 non
447 3959 497 4005 vi
524 3960 578 4006 fu
607 3964 834 4006 assunto:
861 3974 948 4006 ere.
974 3975 1112 4030 peso,
1141 3961 1248 4007 dice
1277 3962 1310 4007 il
1340 3967 1509 4019 poeta,
1540 3964 1795 4019 superiore
1825 3965 1921 4010 alle
1951 3966 2047 4011 mie
2068 3967 2242 4022 spallo,
2270 3979 2297 4012 e
2326 3966 2394 4012 mi
2422 3967 2468 4012 si
