2840 4464
327 204 393 257 84
1257 220 1551 262 ’rms'rimu

493 324 705 391 Invida
752 346 851 392 me
893 327 1087 414 spatio
1134 338 1367 395 natura·
1393 328 1657 395 coercuit
1701 338 1853 406 art0,

583 429 827 516 ingenio
870 430 1034 497 vires
1077 431 1449 519 exiguasque
1491 430 1676 497 dedit.

501 531 570 596 Et
612 540 816 598 tamen
861 531 967 599 ille
1008 543 1148 600 tuae
1193 534 1340 599 felix
1384 533 1683 600 Aeneidos
1725 543 1932 600 auctor

584 635 840 701 contulit
884 635 949 700 in
994 635 1205 723 Tyrios
1249 657 1419 702 arma
1468 636 1796 723 virumque
1839 647 2022 714 toroS,

499 757 611 803 nec
652 738 876 825 legitur
917 760 1061 825 pars
1103 742 1231 807 ulla
1276 740 1469 827 magis
1512 740 1589 807 de
1632 760 1885 826 corpore
1926 749 2071 819 toto,
2343 739 2466 806 535

586 861 771 928 quam
816 861 940 908 non
985 843 1256 930 legitimo
1301 842 1545 909 foedere
1589 843 1829 909 iunctus
1873 863 2063 908 amor.

495 941 798 1030 Phyllidis
845 944 943 1011 hic
986 945 1148 1011 idem
1191 956 1562 1032 teneraeque
1605 945 1993 1031 Amaryllidis
2038 946 2205 1032 ignes

496 1042 499 1043 ⁷
588 1045 871 1112 bucolicis
916 1048 1157 1114 iuvenis
1201 1049 1431 1114 luserat
1475 1056 1616 1113 ante
1661 1047 1873 1113 modis,

500 1146 615 1212 Nos
661 1169 902 1237 quoque
947 1149 1069 1215 iam
1112 1150 1356 1236 pridem
1401 1150 1624 1236 scripto
1666 1149 2049 1236 peccavimus
2091 1149 2235 1215 isto:

588 1252 954 1337 supplicium
999 1253 1230 1340 patitur
1274 1274 1398 1319 non
1446 1273 1604 1319 nova
1648 1255 1824 1338 culpa
1868 1272 2130 1318 novum:
2349 1251 2473 1317 540

501 1354 895 1440 carminaque
939 1356 1272 1435 edideram,
1319 1377 1457 1424 cum
1504 1366 1563 1423 te
1606 1356 1824 1423 delicta
1868 1366 2186 1422 notantem

587 1457 903 1543 praeteriit
946 1458 1166 1526 totiens
1212 1459 1580 1545 irrequietus
1621 1480 1823 1545 eques.

503 1558 655 1645 Ergo
701 1580 857 1645 quae
900 1561 1108 1627 iuveni
1154 1562 1310 1627 mihi
1357 1582 1482 1627 non
1530 1563 1803 1628 nocitura
1848 1561 2057 1647 putavi

588 1663 810 1749 scripta
852 1683 1072 1749 parum
1115 1664 1407 1750 prudenS,
1455 1685 1617 1731 nunc
1659 1685 1918 1757 nocuere
1962 1664 2111 1730 seni.

508 1763 656 1829 Sera
701 1765 1068 1831 redundavit
1112 1767 1338 1833 veteris
1380 1767 1649 1833 vindicta
1693 1767 1906 1845 libelli,
2351 1764 2473 1829 545

594 1866 776 1933 distat
819 1878 880 1934 et
923 1890 956 1934 a
1002 1869 1202 1935 meriti
1250 1878 1528 1956 tempore
1570 1869 1768 1956 poena
1812 1869 1923 1936 sui.

508 1968 592 2034 Ne
635 1979 841 2036 tamen
886 1990 1069 2036 omne
1112 1992 1319 2037 meum
1364 1971 1573 2037 credas
1616 1992 1769 2058 opus
1814 1992 1947 2037 esse
1993 1971 2335 2049 remissum,

595 2092 774 2159 saepe
821 2073 961 2139 dedi
1006 2085 1248 2140 nostrae
1291 2076 1545 2161 grandia
1593 2077 1728 2140 vela
1774 2075 1909 2140 rati.

509 2174 628 2241 Sex
671 2195 780 2263 ego
825 2176 1139 2244 Fastorum
1183 2177 1390 2265 scripsi
1440 2168 1813 2265 totidem‘que
1856 2178 2113 2255 libellos,

593 2299 852 2365 cumque
895 2302 1003 2347 suo
1050 2281 1239 2348 finem
1283 2302 1496 2349 mense
1541 2285 1830 2349 volumen
1878 2281 2092 2347 habet:
2353 2283 2477 2347 550

424 2597 517 2640 534.
546 2597 854 2651 contulit,
880 2595 916 2641 il
946 2609 1033 2642 suo
1064 2608 1178 2641 eroe
1208 2597 1386 2648 (arma
1411 2596 1687 2651 virumque
1714 2607 1804 2650 per
1825 2599 2098 2641 armatum
2126 2596 2317 2648 virum)
2345 2596 2480 2641 Enea

347 2666 428 2710 nel
458 2666 640 2711 talamo
671 2666 721 2711 di
749 2667 957 2714 Didone.
2368 2719 2374 2730 ,

422 2738 516 2781 535.
543 2750 653 2782 nec
700 2737 974 2792 leaitur:
1019 2738 1055 2782 il
1085 2741 1261 2791 quarto
1289 2738 1416 2784 libro
1448 2737 1765 2792 dell’Eneffle,
1782 2736 1907 2782 dove
1938 2736 1979 2782 si
2007 2750 2218 2783 nnrrano
2240 2738 2308 2792 gli
2328 2738 2483 2783 amori

350 2806 399 2852 di
426 2808 562 2853 Enea
590 2821 616 2852 e
646 2807 695 2853 di
723 2808 930 2864 Didone,
957 2809 1099 2854 vieno
1128 2812 1356 2863 reputato
1386 2809 1419 2853 il
1450 2807 1537 2864 piu
1565 2809 1697 2854 bello
1726 2808 1805 2853 del
1834 2821 2026 2863 poema.

421 2880 515 2923 537.
539 2879 561 2923 i
570 2892 744 2933 qnos,
774 2879 881 2925 cioe
900 2880 1176 2936 flammas,
1203 2892 1425 2925 amores.

422 2951 513 2993 539.
540 2950 688 3006 isto,
716 2963 740 2994 ‹
769 2950 820 2995 di
847 2950 1048 2996 codesto
1079 2964 1260 3004 genere
1288 2962 1328 3006 ›‚
1356 2951 1464 2996 cioe
1495 2964 1733 2997 amor-oso.

424 3023 517 3065 541.
545 3034 682 3077 que,
713 3034 738 3065 <
767 3034 794 3067 e
821 3034 947 3075 pure
975 3032 1015 3066 ›.
1041 3045 1095 3053 —-
1121 3025 1459 3068 notantem
1507 3023 1778 3075 delicta,
1806 3022 1855 3066 in
1886 3021 2076 3077 qualite
2105 3022 2152 3067 di
2184 3035 2402 3070 censore.

426 3094 517 3136 542.
545 3093 969 3149 irrequietus,
997 3092 1074 3139 coi
1104 3092 1258 3147 codd„
1278 3106 1302 3137 ‹
1321 3093 1487 3147 baldo,
1505 3093 1723 3148 ardente,
1742 3093 2026 3148 irrequieto,
2045 3094 2230 3139 lascivo
2251 3105 2290 3139 >z
2308 3094 2484 3140 Ovidio

343 3162 510 3207 allude
539 3163 586 3207 al
615 3177 704 3209 suo
733 3163 888 3217 grado
918 3163 967 3209 di
996 3164 1258 3220 cavaliere‚
1287 3163 1336 3208 di
1366 3164 1446 3209 cui
1474 3163 1558 3218 gia
1586 3178 1742 3209 aveva
1771 3163 1894 3210 fatto
1922 3166 2098 3219 pax-ola
2127 3165 2302 3210 dianzi.
2413 3173 2417 3176 ’

425 3235 519 3278 544.
538 3235 860 3288 prudens,
887 3248 994 3281 avv.

423 3306 517 3349 545.
543 3318 719 3350 sera:
771 3305 805 3349 il
836 3305 961 3351 libro
991 3319 1076 3350 era
1105 3310 1234 3351 stato
1262 3306 1552 3360 pubblicato
1596 3306 1723 3352 dieci
1764 3307 1880 3352 anni
1922 3306 2129 3351 innanzi.
2159 3330 2211 3338 —
2239 3307 2461 3352 libelli
2479 3339 2492 3361 ‚

345 3389 459 3430 gen.
488 3377 757 3429 oggettivo.

424 3449 517 3492 546.
544 3448 766 3493 meriti
810 3449 936 3503 sui,
964 3462 988 3493 ‹
1019 3448 1099 3495 del
1127 3463 1216 3494 suo
1244 3452 1451 3504 peccato
1479 3461 1518 3493 ›.

425 3521 519 3563 547.
547 3519 912 3575 remissum,
939 3532 964 3563 <
994 3520 1326 3574 d’argomento
1355 3521 1505 3566 umile
1536 3534 1562 3565 e
1591 3520 1739 3566 basso
1768 3532 1807 3566 ›.

427 3591 521 3633 548.
548 3589 831 3644 ρναηάἰα
876 3591 1040 3645 vela,
1070 3595 1357 3645 argomento
1385 3590 1476 3646 piu
1504 3591 1669 3637 nobile
1700 3592 1761 3636 ed
1791 3593 1998 3638 elevato.

428 3662 522 3704 549.
550 3674 656 3705 sest:
703 3673 831 3716 090:
861 3661 1037 3707 Ovidio
1067 3675 1223 3708 aveva
1251 3663 1529 3717 intrapreso
1559 3677 1589 3709 a
1617 3663 1809 3709 ridurre
1840 3678 1869 3708 a
1897 3664 2056 3709 forma
2082 3666 2281 3719 poetica
2309 3665 2325 3710 i
2352 3664 2490 3709 Fasti

352 3731 401 3775 di
430 3731 601 3785 Roma,
629 3732 795 3787 specie
826 3732 874 3777 di
903 3732 1085 3778 Annali
1126 3732 1329 3778 insieme
1359 3747 1384 3778 e
1416 3734 1466 3778 di
1496 3735 1794 3790 calendario,
1834 3735 2084 3780 trattando
2127 3736 2177 3780 in
2219 3735 2490 3781 altrettanti

347 3801 464 3845 libri
493 3802 508 3845 i
538 3802 700 3848 dodici
730 3804 851 3849 mesi
880 3804 1143 3857 dell'ann03
1173 3819 1252 3849 ma
1281 3805 1456 3851 l'esilio
1476 3806 1829 3860 gl'interruppe
1852 3806 2036 3860 l’opera
2056 3821 2086 3851 a
2107 3820 2282 3852 mezzo.
2302 3831 2352 3838 -
2371 3806 2491 3851 Sem

349 3868 712 3927 Fastorum,
740 3887 764 3917 ‹
793 3872 866 3919 sei
895 3875 1108 3920 soltanto
1138 3875 1216 3920 dei
1247 3875 1362 3920 fasti
1391 3887 1430 3920 ›.

446 3942 538 3984 550.
564 3941 878 3997 volumen,
905 3956 929 3987 ‹
958 3942 1156 3989 ciascun
1182 3944 1375 3990 volume
1406 3958 1435 3989 o
1462 3944 1590 3990 libro
1619 3957 1658 3991 ›.
