2840 4464
45 7 49 9 -
213 6 308 9 -—›——
346 3 492 15 Ύ,-·“υ--
528 3 550 6 *⁷
567 3 575 8 ·

122 6 185 33 ιις
228 16 237 26 1
460 14 486 35 §.¹

142 38 153 47 ι

1160 294 1350 337 mmm
1383 295 1472 350 111,
1512 280 1555 336 1.

357 391 363 404 '
455 400 834 486 Quaerebam
880 402 1116 480 fratreS,
1148 402 1416 488 exceptis
1461 400 1684 468 scilicet
1727 401 1869 481 illis,

537 525 688 591 quos
717 526 860 571 suus
905 514 1142 591 optaret
1185 525 1310 587 non
1355 505 1636 591 genuisse
1681 525 1923 591 parens.

452 608 856 691 Quaereutem
903 606 1127 675 frustra
1170 617 1368 674 custos
1411 628 1447 673 e
1492 607 1736 674 sedibus
1781 608 1903 673 illis

534 711 914 797 praepositus
959 720 1162 776 sancto
1206 711 1380 778 iussit
1425 710 1594 776 abire
1639 712 1785 776 loco.

452 813 653 879 Altera
697 815 925 900 templa
969 823 1130 900 peto,
1177 813 1377 878 vicino
1424 813 1625 879 iuncta
1659 813 1927 879 theatro:

539 917 685 982 haec
727 937 968 1004 quoque
1011 927 1186 982 erant
1229 916 1491 1003 pedibus
1536 936 1658 981 non
1704 916 1985 983 adeunda

453 1039 563 1085 nec
605 1039 723 1097 me,
770 1040 927 1105 quae
967 1018 1155 1085 doctis
1198 1029 1532 1105 patuerunt
1575 1019 1777 1106 prima
1820 1019 2013 1085 libelli

536 1122 689 1188 atria
732 1121 1001 1187 Libertas
1044 1133 1295 1210 tangere
1335 1143 1513 1209 passa
1556 1143 1665 1189 sua
1709 1132 1817 1189 est.

455 1224 520 1289 ln
562 1244 753 1311 genus
796 1224 1056 1291 auctoris
1101 1223 1306 1291 miseri
1355 1224 1600 1291 fortuna
1646 1224 1965 1303 redundat,

537 1337 597 1393 et
640 1327 911 1413 patimur
954 1327 1102 1407 nati,
1151 1348 1338 1413 quam
1382 1327 1523 1394 tulit
1569 1327 1717 1413 ipse,
1765 1327 1987 1414 fugam.

453 1431 729 1497 Forsitan
775 1442 838 1497 et
882 1431 1057 1497 nobis
1102 1431 1249 1510 olim
1295 1431 1503 1497 minus
1546 1451 1725 1518 asper
1767 1441 1829 1497 et
1872 1431 1960 1495 illi

533 1534 764 1601 evictus
806 1536 985 1621 longo
1030 1547 1307 1621 tempore
1351 1534 1571 1600 Caesar
1612 1535 1747 1600 erit.
1938 1533 2015 1620 [ga

449 1637 545 1716 Di,
590 1658 825 1723 precor,
873 1648 1055 1723 atque
1100 1637 1251 1704 adeo
1295 1677 1379 1684 —
1426 1658 1628 1724 neque
1686 1637 1851 1704 enim
1907 1636 2015 1702 mil

537 1740 772 1819 Caesar,
819 1740 961 1807 ades
1005 1750 1164 1819 vote,
1211 1741 1480 1806 maxime
1524 1740 1684 1818 dive,
1732 1743 1894 1806 meo!

448 1844 704 1923 Interea,
750 1845 1045 1931 quoniam
1089 1845 1265 1911 statio
1309 1845 1465 1911 mihi
1511 1844 1753 1931 publica
1797 1846 1997 1911 clausa

531 1947 772 2034 privato
816 1948 992 2014 liceat
1035 1947 1351 2014 delituisse
1395 1950 1543 2014 loco.

448 2048 568 2116 Vos
612 2069 872 2137 quoque,
918 2050 969 2115 si
1014 2048 1104 2115 fas
1147 2060 1256 2136 est,
1302 2049 1551 2115 confusa‘
1593 2048 1828 2136 pudore
1874 2069 2015 2135 repu

534 2153 755 2220 sumite
799 2152 1074 2240 plebeiae
1118 2152 1389 2219 carmina
1436 2162 1643 2218 nostra
1688 2173 1927 2218 manus.

382 2405 448 2447 65.
466 2404 723 2458 fratres
754 2416 842 2449 son
870 2402 940 2457 gli
969 2403 1083 2448 altri
1112 2402 1228 2448 libri
1255 2403 1500 2458 composti
1528 2403 1593 2448 da
1621 2401 1812 2449 Ovidio.
1841 2425 1893 2433 —
1921 2402 2015 2447 ilc

278 2474 342 2519 de
372 2477 488 2519 arte
516 2476 752 2520 amandi.

381 2547 449 2589 66.
477 2548 762 2600 optaret,
790 2544 893 2591 scil.
922 2545 970 2590 εἰ
998 2545 1054 2590 id
1080 2546 1138 2591 in
1167 2558 1269 2591 saa
1288 2547 1554 2601 potestate
1580 2548 1726 2591 esset.

382 2618 449 2660 67.
473 2617 506 2669 f
509 2618 759 2671 rastra,
798 2615 982 2671 perche
1010 2630 1108 2662 non
1134 2618 1333 2662 v'erano
1363 2630 1392 2661 o
1412 2618 1612 2661 n'erano
1642 2615 1758 2661 stati
1787 2614 1996 2661 rimossi.

274 2684 491 2739 dipende
522 2684 587 2729 da
614 2685 774 2740 abire,
800 2688 983 2730 sancto
1013 2686 1045 2729 Ζ.
1074 2686 1139 2730 (la
1169 2686 1528 2741 praepositus.

381 2756 449 2800 69.
477 2756 694 2801 altera
739 2756 1012 2811 templa:
1039 2754 1118 2801 chi
1146 2756 1345 2802 intende
1375 2756 1543 2810 quello
1574 2756 1621 2801 di
1651 2756 1821 2812 Vesta,
1847 2756 1926 2801 chi
1954 2769 2015 2802 un

271 2825 496 2871 riferisce
525 2829 700 2882 queste
728 2826 902 2881 parole
936 2827 1166 2872 all'atria
1206 2826 1498 2873 Libertatis
1529 2826 1607 2872 del
1638 2826 1814 2872 distico
1853 2839 2015 2880 segue]

269 2897 434 2951 prima
461 2896 730 2943 biblioteca
758 2902 933 2952 aperta
962 2897 1014 2943 in
1040 2897 1198 2944 Roma
1227 2898 1291 2942 da
1318 2897 1558 2953 Pollione,
1576 2898 1703 2944 colle
1724 2897 1918 2953 spoglie
1940 2898 2010 2943 tol

274 2969 486 3013 vicino
532 2970 812 3024 theatro,
839 2969 1006 3024 quello
1038 2968 1088 3013 di
1115 2969 1367 3014 Marcello.

381 3042 449 3084 72.
478 3040 681 3093 atria,
708 3040 867 3085 l'atrio
897 3040 1032 3085 della
1061 3039 1241 3084 libert&
1271 3040 1647 3085 sull'Aventino.

381 3112 448 3155 73.
475 3111 542 3156 in
575 3124 786 3166 aenas,
812 3124 836 3155 ‹
862 3111 996 3156 nella
1024 3111 1178 3165 stirpe
1193 3122 1233 3167 >,
1261 3110 1368 3158 cioe
1397 3114 1568 3157 contro
1597 3111 1614 3156 i
1641 3110 1756 3156 libri
1786 3109 1849 3156 da
1876 3110 2015 3157 luico

276 3181 543 3237 dundat,
570 3194 593 3227 ‹
621 3196 686 3227 va
713 3197 744 3227 a
772 3182 996 3227 ricarlere
1026 3191 1065 3227 >.

383 3254 449 3297 74.
468 3253 710 3308 favam,
739 3266 763 3297 ‹
791 3252 966 3298 l'esilio
1000 3264 1040 3296 ›.

382 3326 448 3368 75.
475 3324 608 3379 illi,
637 3323 740 3369 scil.
774 3324 966 3369 Ovidio.

382 3396 447 3439 76.
477 3395 736 3450 evictus,
763 3394 871 3440 cioe
900 3396 1192 3450 mitiaatus.

381 3467 447 3509 77.
475 3466 684 3520 turba,
711 3465 815 3511 scil.
844 3465 1074 3511 deorum.

379 3536 445 3579 79.
472 3536 689 3591 statio,
717 3536 849 3581 ossia
877 3536 1200 3591 bibliotheca,
1227 3549 1252 3580 <
1280 3536 1429 3591 luogo
1460 3538 1510 3581 di
1538 3537 1749 3582 fermata
1777 3547 1816 3581 ›.

378 3607 446 3651 81.
473 3618 578 3652 vos
615 3607 658 3652 si
685 3606 907 3652 riferisce
938 3621 968 3652 a
1001 3608 1239 3662 plebeiae
1275 3621 1485 3663 manus,
1513 3609 1732 3662 confusa
1762 3623 1791 3653 a
1829 3608 2015 3653 carmiv

272 3669 386 3729 est,
421 3676 526 3722 cioe
560 3677 610 3721 si
639 3677 756 3722 licet
785 3680 832 3722 et
861 3690 895 3721 a
915 3678 1160 3732 principe
1187 3691 1293 3723 ‘non
1321 3681 1397 3722 est
1425 3679 1656 3724 vetitum.
