2840 4464
1218 253 1405 295 mmm
1441 253 1480 307 1,
1515 239 1564 293 2.

496 359 616 426 Neo
660 360 855 426 levius
901 361 1142 426 tabulae
1186 361 1450 426 laterum
1493 361 1800 428 feriuntur
1844 362 1936 426 ab.
1963 361 2166 439 undiS‚

586 483 771 549 quam
813 483 998 550 grave
1043 463 1295 531 balistae
1338 464 1581 529 moenia
1626 466 1828 549 pulsat
1873 484 2045 531 onus,

496 565 610 649 Qui
660 565 830 631 venit
876 566 975 631 hio
1019 566 1254 643 fluetuS,
1303 565 1522 632 fluetus
1566 564 1992 652 supereminet
2035 587 2143 632 om:

582 669 886 754 posterior
929 688 1092 735 nono
1137 679 1226 734 est
1269 669 1716 755 undecimoque
1761 669 1949 755 prior.

496 770 613 861 Neo
661 774 851 839 letum
900 772 1110 838 timeo:
1157 792 1349 858 genus
1393 782 1485 837 est
1528 772 1880 838 miserabile
1924 773 2057 851 leti;

585 874 813 940 demite
856 875 1260 962 naufragium,
1300 893 1467 939 mors
1511 874 1667 940 mihi
1713 894 1940 941 munus
1984 874 2119 940 erit.

501 975 597 1040 Est
640 975 892 1062 aliquid,
937 977 1135 1042 fatove
1180 996 1288 1042 suo
1333 976 1575 1041 ferrove
1616 975 1934 1042 cadentem

584 1077 647 1143 in
693 1079 884 1144 solida
928 1079 1196 1144 moriens
1240 1098 1473 1165 ponere
1516 1098 1734 1164 eorpus
1781 1078 1990 1154 humo,

498 1191 557 1246 et
599 1181 896 1246 mandare
939 1181 1081 1258 suis
1128 1182 1332 1266 aliqua
1378 1191 1439 1247 et
1484 1201 1732 1266 sperare
1776 1182 2143 1267 sepulcrum,

583 1293 643 1348 et
687 1303 810 1348 non
855 1284 1172 1369 aequoreis
1215 1283 1483 1369 piscihus
1526 1303 1656 1350 esse
1698 1283 1921 1349 eibum.

501 1384 734 1472 Fingite
779 1406 879 1451 me
922 1386 1176 1472 dignum
1221 1386 1328 1450 tali
1373 1405 1539 1462 nece,
1586 1405 1711 1450 non
1756 1406 1865 1471 ego
1909 1388 2072 1451 solus

585 1487 684 1553 hio
727 1488 952 1554 vehor:
1000 1489 1339 1553 immeritos
1383 1509 1491 1554 cur
1534 1508 1672 1553 mea
1715 1508 1914 1574 poena
1957 1487 2143 1554 trahit

497 1588 613 1655 Pro
657 1591 862 1676 superi
908 1589 1256 1676 viridesque
1299 1591 1419 1668 dei,
1467 1590 1690 1676 quibus
1738 1610 2002 1676 aequora
2046 1610 2143 1657 oui

584 1692 843 1778 utraque
889 1692 1010 1758 iam
1055 1703 1286 1758 vestras
1331 1693 1523 1758 sistite
1568 1693 1747 1759 turba
1792 1693 2019 1757 minas:

499 1813 805 1879 quamque
849 1794 1017 1860 dedit
1061 1795 1252 1860 vitam
1295 1794 1616 1859 mitissima
1663 1794 1935 1859 Caesaris
1979 1795 2089 1872 ira,

586 1896 743 1962 hano
786 1897 966 1962 sinite
1011 1897 1226 1965 infelix
1264 1897 1327 1962 in
1374 1899 1503 1962 loca
1545 1898 1707 1963 iussa
1751 1897 1962 1963 feram.

500 1997 563 2062 Si
609 2019 869 2084 quoque,
917 2019 1101 2084 quam
1147 2001 1366 2076 merui,
1413 2019 1678 2085 poenam
1723 2020 1824 2065 me
1865 2000 2138 2085 pendere

585 2102 761 2186 culpa
806 2121 941 2166 mea
987 2112 1094 2179 est,
1143 2101 1273 2186 ipso
1319 2101 1535 2178 iudice,
1582 2111 1779 2166 morte
1824 2102 2045 2167 minor.

441 2368 510 2409 47.
539 2366 854 2421 laterum,
896 2367 911 2410 i
939 2366 1115 2411 fianohi
1150 2366 1285 2411 della
1313 2366 1481 2412 barca.

435 2447 502 2490 48.
533 2446 843 2499 balistae,
884 2459 993 2499 gen.
1021 2446 1323 2499 dipendente
1353 2446 1418 2490 da
1448 2459 1611 2491 onus:
1639 2445 1681 2491 b.
1702 2459 1789 2492 era
1806 2459 1905 2490 una
1934 2446 2143 2491 macchir

324 2515 421 2561 ohe
453 2516 682 2560 laneiava
712 2516 838 2561 sassi
867 2517 915 2561 di
936 2516 1293 2562 straordinarIa
1321 2517 1602 2570 grandezza
1628 2522 1803 2572 (aravo
1832 2522 1997 2568 onus).

436 2597 504 2639 49.
531 2594 714 2640 Contu:
742 2596 828 2640 hic
845 2596 1046 2650 fluctus
1075 2596 1167 2650 qui
1192 2597 1343 2643 venit.

434 2675 502 2717 50.
529 2675 794 2728 posterior
820 2688 955 2719 nono
975 2673 1002 2719 e
1022 2675 1073 2719 la
1101 2673 1293 2719 decima
1322 2674 1467 2729 onda,
1488 2675 1625 2720 detta
1654 2679 1877 2729 appunto
1897 2676 2143 2721 decumam

322 2743 620 2796 grandezza.
649 2743 1080 2797 Nell'ondeggiare
1111 2744 1191 2788 del
1220 2758 1370 2798 mare,
1397 2744 1579 2800 infimi,
1610 2745 1651 2790 si
1681 2750 1884 2791 avverte
1903 2745 1938 2791 il
1959 2746 2143 2791 rieorre

326 2813 379 2857 di
409 2814 624 2859 un'onda.
650 2813 739 2868 piu
766 2814 956 2869 grande
986 2814 1116 2859 delle
1146 2814 1286 2859 altre.

436 2896 504 2938 51.
529 2907 727 2949 oenus
770 2898 891 2947 est,
930 2894 1035 2939 soil.
1063 2895 1201 2950 quod
1229 2895 1399 2939 timeo.

436 2974 503 3017 52.
532 2974 791 3028 demite,
818 2988 841 3018 ‹
870 2974 1158 3028 toglietemi‚
1187 2974 1572 3028 risparmiatemi
1601 2985 1641 3021 ›.

436 3054 503 3095 53.
528 3053 671 3107 fato
711 3066 837 3105 suo,
878 3065 902 3095 ‹
932 3051 982 3096 di
1011 3055 1167 3097 morte
1196 3052 1426 3098 naturale
1456 3064 1498 3095 ›.

341 3145 364 3157 ·
437 3133 504 3174 54.
533 3131 781 3185 solida,
813 3144 836 3175 <
867 3131 1023 3175 ferma
1060 3141 1100 3172 ›.

437 3212 503 3255 55.
531 3210 907 3264 sepulcrum
953 3210 978 3253 e
1018 3223 1128 3263 ogg.
1158 3223 1364 3255 eomune
1394 3214 1533 3256 tanto
1563 3225 1593 3256 a
1632 3212 1895 3257 mandare
1936 3216 2121 3266 quanto

325 3280 546 3335 aliqua,
575 3293 598 3323 ‹
627 3281 676 3325 in
716 3280 928 3334 qualche
954 3283 1096 3334 parte
1127 3280 1291 3325 sieura
1320 3292 1358 3322 >.
1390 3281 1498 3326 Non
1529 3281 1556 3326 ὸ
1584 3295 1839 3337 permesso
1878 3282 2143 3328 considera:

329 3360 446 3403 ogg.
477 3350 528 3394 di
556 3352 831 3404 mandare,
859 3364 890 3396 a
917 3363 1070 3395 eausa
1098 3350 1177 3395 del
1209 3365 1297 3396 suo
1324 3352 1495 3397 valore
1525 3352 1935 3407 indeterminat03
1973 3354 2052 3397 nel
2096 3367 2143 3399 oa

327 3434 474 3465 vesse
503 3435 668 3467 essere
697 3436 762 3467 un
792 3436 917 3476 agg„
943 3421 1305 3475 bisognerebbe
1334 3426 1525 3468 mutare
1552 3424 1946 3478 sepulcrum·in
1975 3425 2143 3480 sepul<

325 3494 471 3539 darlo
500 3508 591 3540 eon
623 3509 748 3541 esso.
1452 3507 1464 3516 '

437 3576 502 3618 59.
531 3575 775 3620 virides
818 3589 846 3620 o
875 3574 1104 3619 caerulei
1132 3587 1221 3618 son
1249 3574 1370 3618 detti
1413 3574 1483 3627 gli
1522 3574 1603 3619 dei
1642 3575 1723 3619 del
1766 3589 1917 3629 mare,
1944 3590 1974 3621 a
2003 3590 2143 3621 eausa

325 3644 460 3689 delle
491 3658 665 3698 aeque.

438 3725 504 3767 60.
530 3724 812 3778 utraque
855 3724 1074 3776 turba,
1115 3723 1144 3767 i.
1173 3736 1217 3767 e.
1248 3724 1305 3767 di
1331 3723 1465 3768 caeli
1492 3727 1540 3767 et
1567 3724 1739 3769 maris
1759 3726 1959 3779 (superi
1987 3729 2034 3769 et
2059 3725 2143 3769 vir⁴

437 3805 504 3847 62.
532 3804 744 3856 iussa,
786 3803 892 3847 eioe
922 3803 1053 3848 nella
1081 3802 1283 3856 regione
1312 3802 1392 3847 del
1425 3803 1592 3848 Ponto.

436 3883 503 3926 63.
531 3882 712 3927 Oostr.:
749 3883 799 3927 si
825 3894 1024 3937 quoque
1065 3886 1106 3932 (<
1135 3881 1290 3927 anche
1321 3895 1373 3926 se
1403 3886 1447 3931 ›)
1474 3883 1635 3927 vultis
1672 3896 1754 3927 me
1773 3884 2005 3937 pendere
2037 3894 2143 3936 poe.

327 3964 515 3997 merus.

2409 239 2475 293 19
