2840 4464
28 23 211 299 -
220 23 227 239 Ι
1184 236 1374 279 menn
1410 237 1472 280 11.
2327 219 2397 273 79

508 344 592 411 sic
633 344 819 412 etiam
864 344 941 411 de
986 364 1051 411 se
1092 344 1255 431 quod
1301 354 1481 433 neget
1524 344 1630 411 illa
1676 343 1834 412 viro:

424 447 635 515 fallere
678 447 988 514 custodem
1032 446 1347 514 dominam
1391 446 1665 515 docuisse
1708 446 1948 524 fatetur,

508 571 694 638 seque
736 571 845 617 sua
888 550 1184 617 miserum
1231 570 1396 617 nunc
1437 551 1522 616 ait
1564 560 1696 616 arte
1737 548 1966 637 premi:
2267 546 2395 612 450

424 673 623 741 saepe,
669 655 838 720 velut
880 673 1187 740 gemmam
1230 653 1518 719 dominae
1559 652 1880 740 signumve
1923 650 2229 738 probaret,

508 777 624 844 per
663 776 906 823 causam
952 756 1236 822 meminit
1279 777 1345 823 se
1388 756 1655 843 tetigisse
1697 774 1971 833 manum,

426 867 615 945 utque
660 858 864 936 refert,
910 859 1112 945 digitis
1155 879 1334 946 saepe
1379 868 1470 925 est
1514 868 1790 943 nutuque
1832 860 2084 936 locutus,

515 971 575 1028 et
617 962 858 1028 tacitam
903 981 1151 1027 mensae
1194 960 1369 1028 duxit
1410 962 1479 1027 in
1522 960 1671 1027 orbe
1714 969 1949 1027 notam:

429 1074 489 1131 et
532 1064 754 1150 quibus
797 1085 832 1130 e
874 1064 1030 1131 sucis
1073 1065 1249 1130 abeat
1292 1062 1369 1130 de
1410 1083 1663 1151 corpore
1707 1063 1884 1141 livor,
2270 1059 2394 1126 455

513 1169 811 1254 impresso
856 1168 993 1234 fieri
1039 1168 1142 1255 qui
1187 1170 1341 1235 solet
1384 1189 1509 1247 ore,
1556 1168 1754 1236 docet:

427 1270 693 1357 denique
736 1271 812 1338 ab
856 1271 1098 1343 incauto
1142 1271 1407 1338 nimium
1450 1272 1603 1358 petit
1644 1272 1752 1337 ille
1794 1268 2035 1348 marito,

514 1394 579 1440 se
622 1395 864 1461 quoque
906 1374 994 1441 uti
1041 1384 1259 1453 servet,
1305 1384 1510 1460 peccet
1552 1381 1621 1440 ut
1663 1373 1769 1439 illa
1811 1373 2035 1440 minus,

428 1475 568 1554 Scit,
614 1477 710 1544 cui
753 1479 1030 1563 latretur,
1076 1497 1214 1544 cum
1259 1479 1423 1543 solus
1468 1477 1820 1544 obambulet
1864 1476 1994 1563 ipse

512 1579 617 1665 qui
662 1579 883 1646 totiens
927 1583 1158 1647 clausas
1201 1564 1277 1647 &x
1298 1558 1441 1664 ‘ieet
1484 1591 1628 1646 ante
1671 1579 1857 1645 fores:
2271 1577 2398 1645 460

428 1682 744 1769 multaque
786 1682 890 1749 dat
932 1682 1079 1750 furti
1124 1683 1263 1749 talis
1304 1691 1626 1770 praecepta
1669 1681 1978 1767 docetque,

511 1804 630 1871 qua
673 1795 899 1872 nuptae
941 1786 1176 1873 possint
1218 1785 1432 1852 fallere
1474 1785 1551 1851 ab
1594 1794 1725 1852 arte
1767 1784 1948 1851 viros

337 2046 435 2090 449.
462 2045 802 2096 dominam,
830 2047 1044 2093 secondo
1071 2046 1504 2093 un’emendazione
1534 2046 1614 2092 del
1634 2046 1897 2102 Gronovio,
1913 2059 2005 2101 per
2023 2048 2239 2094 tandem
2262 2062 2291 2095 ο
2320 2051 2402 2096 de-

257 2128 411 2160 mum
438 2115 529 2161 che
558 2116 599 2162 si
627 2117 775 2171 legge
802 2117 883 2163 nei
911 2117 1053 2163 codd.
1083 2119 1125 2162 Il
1153 2121 1305 2173 poeta
1327 2117 1493 2163 allude
1522 2117 1571 2163 ai
1599 2117 1824 2172 seguenti
1842 2117 1973 2163 versi
1994 2118 2044 2163 di
2063 2118 2272 2174 Tibullo,
2290 2120 2321 2165 1.
2341 2134 2403 2167 c.:

253 2187 374 2243 ipse
398 2187 562 2234 miser
589 2187 743 2244 domi,
772 2201 872 2245 quo
896 2192 1073 2245 posset
1094 2189 1273 2235 ludere
1283 2193 1445 2245 pacto
1469 2188 1735 2240 Custodes,
1748 2190 1850 2235 heu
1876 2189 2007 2236 hou!
2032 2203 2175 2237 nunc
2190 2203 2404 2247 premor

254 2262 374 2304 arte
400 2272 533 2305 mea.

344 2336 439 2380 451.
466 2336 535 2377 ut
572 2333 911 2390 probaret,
939 2346 964 2377 ‹
991 2346 1082 2389 per
1110 2346 1367 2379 osservare
1395 2345 1439 2377 ›.

335 2408 431 2451 452.
449 2418 569 2461 per
597 2417 881 2460 causam,
909 2417 932 2449 ‹
962 2417 1054 2450 con
1083 2405 1200 2460 quel
1228 2408 1449 2460 pretesto
1479 2416 1517 2450 ›.
1545 2405 1587 2449 11
1615 2407 1766 2459 poeta
1794 2404 1960 2450 allude
1989 2420 2022 2451 a
2050 2405 2262 2462 Tibullo,
2280 2408 2309 2452 l.
2335 2421 2406 2455 c.:

256 2490 417 2533 saepe
443 2477 584 2522 velut
609 2488 843 2531 aemmas
873 2476 983 2521 eius
1011 2477 1322 2532 sianumqae
1343 2477 1648 2531 probarem,
1675 2474 1783 2523 Per
1819 2489 2040 2522 causam
2065 2478 2285 2524 memini
2321 2492 2403 2524 me

256 2549 489 2605 tetiqisse
513 2560 750 2593 manum.

337 2622 434 2665 454.
461 2620 645 2665 duxit
688 2631 764 2664 no
780 2621 931 2674 tam,
958 2618 1066 2664 cioe
1094 2618 1381 2672 intingendo
1411 2618 1446 2663 il
1476 2617 1578 2664 dito
1597 2618 1680 2664 nel
1699 2618 1814 2664 vino
1845 2631 1871 2664 e
1901 2617 2160 2665 scrivendo
2179 2633 2271 2666 con
2291 2633 2402 2667 esso

257 2690 625 2738 sull’estremita.
653 2688 784 2735 della
809 2690 991 2736 tavola.
1018 2690 1145 2735 Vedi
1183 2690 1303 2745 Tib.‚
1332 2690 1364 2736 1.
1392 2702 1461 2735 c.:
1488 2703 1591 2735 neu
1618 2693 1668 2735 te
1697 2689 1924 2745 decipiat
1962 2693 2113 2745 nutu,
2142 2691 2403 2747 diaitoque

257 2764 515 2818 liquorem
543 2761 626 2807 Ne
652 2762 838 2806 trahat
865 2765 914 2806 et
941 2774 1154 2807 mensae
1182 2761 1342 2806 ducat
1367 2761 1427 2806 in
1455 2762 1576 2806 orbe
1603 2763 1797 2806 notam.

312 2836 408 2879 455.
435 2833 627 2880 livor.
657 2831 887 2886 prodotto
917 2831 999 2878 dai
1018 2831 1222 2886 ripetuti
1251 2845 1277 2876 e
1307 2831 1501 2877 ardenti
1518 2830 1633 2877 baci
1653 2831 1880 2877 d’amore.
1900 2831 2079 2877 Allude
2101 2847 2130 2878 a
2149 2832 2270 2888 Tib.‚
2285 2833 2319 2877 1.
2341 2847 2406 2881 c.:

257 2908 384 2951 tunc
402 2916 551 2949 sucos
572 2903 863 2958 herbasque
883 2903 1016 2958 dedi,
1037 2903 1224 2958 quibus
1246 2903 1379 2948 livor
1398 2902 1583 2958 abiret,
1612 2902 1770 2959 Quem
1783 2903 1922 2957 facit
1939 2903 2196 2958 impresso
2215 2908 2405 2951 mutua

261 2976 414 3021 dente
450 2973 643 3020 Venus.

340 3048 434 3091 457.
461 3044 580 3089 ille
607 3043 685 3089 col
700 3043 827 3099 Vat„
852 3057 942 3099 per
969 3043 1071 3088 illa
1100 3043 1149 3088 di
1177 3043 1294 3089 tutti
1321 3043 1392 3097 gli
1423 3043 1538 3088 altri
1557 3042 1697 3090 codd.
1715 3065 1769 3076 —-
1787 3055 1864 3099 se,
1893 3043 1998 3090 scil.
2017 3047 2248 3100 poetam,
2265 3057 2405 3092 come

257 3115 523 3172 apparisce
553 3114 634 3160 dal
653 3114 887 3161 raffronto
907 3127 1000 3161 con
1020 3114 1137 3168 Tib.‚
1154 3115 1183 3160 1.
1205 3128 1270 3160 c.:
1301 3118 1358 3160 at
1378 3117 1451 3170 tu,
1467 3114 1687 3170 fallacis
1708 3115 1934 3159 conium:
1951 3115 2162 3161 incaute
2171 3116 2406 3172 puellae,

258 3187 346 3233 Me
372 3199 573 3243 quoque
599 3189 804 3231 servato
831 3189 940 3240 (per
968 3186 1272 3240 observato),
1299 3189 1472 3241 peccet
1503 3188 1565 3230 ut
1591 3186 1694 3231 illa
1720 3185 1874 3232 nihil.

338 3260 433 3303 459.
461 3258 765 3311 latretur,
793 3255 896 3303 scil.
926 3270 961 3302 a
979 3269 1122 3310 cane,
1140 3257 1227 3301 cfr.
1245 3256 1365 3311 Tib.‚
1384 3256 1415 3301 1.
1436 3270 1502 3301 c.:
1522 3256 1616 3301 ille
1635 3270 1724 3312 eoo
1741 3269 1877 3312 sum,
1894 3269 1987 3302 nee
2004 3270 2088 3304 me
2105 3258 2219 3304 iam
2236 3259 2407 3307 dicere

256 3342 383 3375 vera
408 3328 637 3384 pudebit,
665 3327 912 3373 Instabat
938 3331 1050 3373 tota
1077 3328 1162 3372 cai
1190 3330 1286 3373 tua
1311 3331 1459 3372 nocte
1487 3328 1650 3372 canis.
1668 3327 1882 3373 11Loers
1903 3328 2178 3383 interprete
2201 3331 2407 3378 latrare

257 3400 310 3445 in
338 3412 484 3446 senso
513 3398 563 3444 di
592 3398 844 3449 clamare,
879 3411 906 3443 e
945 3398 1120 3453 spiega
1165 3399 1263 3443 scit
1306 3398 1506 3443 latrari
1546 3398 1648 3443 sibi
1686 3412 1721 3444 a
1747 3399 1941 3454 puella
1977 3412 2158 3446 ovvero
2195 3402 2296 3447 scit
2322 3403 2408 3448 cai

247 3471 469 3527 puellae
496 3483 531 3516 a
556 3483 611 3515 se
640 3470 882 3515 latretur.
908 3470 954 3514 A
981 3483 1058 3516 me
1087 3482 1209 3527 pare
1238 3470 1409 3514 invece
1431 3468 1521 3515 che
1550 3468 1586 3514 il
1617 3469 1792 3515 distico
1814 3470 1887 3515 sia
1907 3484 2068 3516 messo
2088 3471 2138 3516 in
2157 3473 2405 3518 relazione

256 3542 501 3589 coll'altro
530 3540 619 3587 che
648 3540 877 3596 precede,
904 3552 931 3586 e
961 3540 1050 3586 che
1093 3540 1130 3584 il
1159 3553 1298 3594 segg.
1324 3539 1374 3584 di
1401 3541 1502 3584 scit
1529 3539 1605 3585 sia
1632 3541 1879 3585 maritus.
1906 3563 1959 3572 —-
1995 3542 2135 3596 ipse
2177 3544 2287 3598 qui
2326 3545 2405 3590 col

256 3612 528 3667 Poliziano‚
553 3625 645 3667 per
672 3613 706 3657 i.
734 3612 818 3657 cui
846 3625 875 3658 o
903 3624 1024 3657 cum
1051 3612 1142 3657 che
1171 3611 1213 3657 si
1242 3612 1387 3666 legge
1415 3611 1552 3666 negli
1591 3611 1703 3656 altri
1742 3611 1882 3657 codd.
1916 3612 2016 3667 Qui
2043 3612 2085 3657 si
2114 3612 2337 3658 riferisce
2374 3629 2405 3660 a

253 3684 466 3738 Tibullo,
492 3683 704 3730 laddove
733 3683 819 3728 cui
846 3682 1095 3729 dovrebbe
1124 3695 1396 3728 accennare
1428 3682 1684 3738 all’amico,
1704 3681 1790 3727 cfr.
1810 3683 1928 3739 Tib.‚
1955 3683 1986 3727 l.
2015 3695 2078 3728 c.:
2106 3687 2155 3727 et
2180 3684 2405 3730 simulat

257 3756 495 3803 transire
523 3755 753 3805 doenum,
780 3767 901 3800 moa
929 3755 1113 3800 deinde
1139 3756 1368 3801 recurrit
1402 3752 1562 3799 Solus
1592 3758 1641 3799 et
1669 3757 1793 3799 ante
1819 3755 1970 3809 ipsas
1997 3757 2405 3816 excreat-usque

253 3826 418 3883 sores.

340 3898 435 3942 461.
454 3896 658 3953 farti,
686 3908 710 3941 ‹
738 3895 941 3950 ingranni
969 3905 1008 3940 ›.
1036 3918 1089 3928 -
1117 3895 1306 3946 talis,
1334 3907 1446 3948 agg.

341 3968 437 4015 462.
466 3967 573 4023 ab,
597 3979 621 4012 ‹
647 3979 740 4023 per
767 3979 932 4014 mezzo
961 3966 1011 4012 di
1039 3977 1079 4012 ›.
