2840 4464
1150 277 1336 319 LmER
1372 278 1460 332 111,
1500 264 1578 318 12.
2314 262 2419 315 123

437 402 563 448 non
607 392 700 447 est.
743 381 905 466 quod
948 382 1190 447 timeas:
1238 383 1480 449 fortuna
1526 382 1873 448 miserrima
1917 392 2120 447 nostra
2164 391 2283 460 est;

524 503 706 550 omne
751 484 940 548 trahit
983 504 1185 550 secum
1231 484 1504 550 Caesaris
1547 485 1639 549 ira
1683 486 1933 550 malum.

440 587 614 671 Quod
657 586 850 673 magis
894 596 962 652 ut
1005 584 1253 672 liqueat,
1301 607 1460 653 neve
1505 587 1619 653 hoc
1660 607 1770 673 ego
1816 585 2048 673 fingere
2090 584 2328 662 credar,

522 690 654 775 ipse
697 689 904 767 velim,
950 709 1179 775 poenas
1223 689 1543 776 experiare
1586 709 1770 755 meas

1275 944 1393 1010 XII.

435 1117 678 1204 Frigora
726 1117 850 1182 iam
893 1117 1147 1205 zephyri
1192 1117 1503 1195 minuunt,
1550 1137 1831 1203 annoque
1875 1127 2118 1204 peracto

523 1218 761 1304 longior
804 1219 1069 1303 antiquis
1116 1218 1242 1283 visa
1285 1218 1541 1284 Tomitis
1589 1219 1813 1283 hiems:

437 1320 905 1405 impositamque
949 1320 1063 1385 sibi
1110 1321 1212 1407 qui
1260 1340 1385 1385 non
1431 1320 1587 1386 bene
1631 1321 1884 1406 pertulit
1928 1319 2161 1398 Hellen,

518 1433 795 1508 tempora
840 1422 1153 1488 nocturnis
1197 1422 1389 1508 aequa
1433 1423 1653 1488 diurna
1698 1422 1854 1487 facit.

436 1524 559 1589 Iam
603 1523 828 1589 violam
872 1525 1172 1610 puerique
1217 1527 1428 1610 legunt
1474 1524 1823 1610 hilaresque
1865 1526 2128 1611 puellae,
2370 1522 2415 1587 5

521 1627 740 1692 rustica
787 1647 942 1712 quae
987 1628 1159 1692 nullo
1206 1637 1346 1692 nata
1391 1636 1633 1691 serente
1680 1627 1877 1691 venit:

433 1739 730 1815 prataque
763 1729 1105 1815 pubescunt
1146 1730 1461 1796 variorum
1507 1731 1658 1795 flore
1701 1724 1994 1806 colorum,

520 1831 890 1917 indocilique
934 1834 1154 1917 loquax
1199 1842 1448 1919 gutture
1488 1842 1706 1898 vernat
1750 1832 1906 1897 avis:

435 1943 623 2019 utque
666 1937 864 2000 malae
907 1935 1121 2000 matris
1165 1935 1397 2000 crimen
1444 1934 1728 2021 deponat,
1778 1933 2047 2000 hirundo

523 2037 636 2102 sub
681 2037 955 2103 trabibus
999 2057 1184 2103 cunas
1231 2047 1504 2122 tectaque
1546 2057 1735 2123 parva
1781 2036 1952 2102 facit:
2331 2035 2415 2098 10

370 2230 438 2273 71.
465 2230 628 2283 quod
664 2230 918 2285 timeas,
947 2244 971 2274 ‹
1000 2229 1051 2275 di
1079 2229 1168 2276 che
1196 2229 1234 2275 ti
1264 2229 1428 2276 debba.
1456 2229 1708 2284 affliggere
1729 2241 1768 2276 ›.

369 2302 435 2344 73.
455 2301 735 2357 sineere,
763 2314 787 2346 ‹
817 2301 906 2346 che
936 2302 984 2347 io
1014 2302 1267 2355 immagini
1297 2312 1335 2347 ›.

341 2422 571 2477 Elegia
612 2423 769 2468 XII.
813 2423 983 2468 Saluto
1026 2423 1126 2468 alla
1166 2423 1463 2478 primavera.
1500 2437 1526 2469 e
1569 2423 1804 2470 desiderii
1843 2437 1869 2469 8
1908 2437 2146 2478 speranza
2177 2422 2266 2469 che
2296 2437 2414 2470 8888

259 2492 711 2539 desta-nell'auimo
741 2494 821 2538 del
849 2498 1013 2548 poeta.

398 2566 435 2607 1.
461 2565 752 2619 zephyri,
782 2565 1100 2618 primaverili.
1132 2589 1187 2597 —-
1215 2578 1380 2611 anno
1407 2570 1711 2621 peracto:
1737 2566 1901 2611 l’anno
1928 2565 2142 2612 ufficiale
2172 2564 2222 2609 in
2251 2565 2414 2611 Roma

257 2633 568 2680 eominciava
594 2634 756 2689 prima
785 2634 918 2681 della
952 2635 1155 2680 riforma
1195 2636 1274 2681 del
1317 2635 1601 2682 calendario
1644 2637 1771 2681 satta
1811 2636 1875 2680 (18
1916 2636 2096 2681 Cesare
2132 2636 2210 2681 001
2247 2636 2412 2690 primo

258 2718 442 2759 marzo,
470 2704 577 2750 cioo
608 2705 655 2749 81
683 2705 929 2759 principio
973 2706 1105 2751 della
1146 2706 1443 2760 primavera.
1483 2707 1524 2760 (Ι
1566 2705 1753 2752 0088011
1791 2704 1913 2760 pero
1942 2706 2037 2752 flno
2068 2706 2150 2751 (181
2179 2708 2258 2751 153
2285 2721 2329 2751 8.
2357 2704 2408 2750 C.

258 2775 496 2821 solevano
525 2779 721 2821 entrare
751 2775 800 2820 in
829 2776 995 2821 carica
1023 2777 1057 2820 il
1093 2782 1135 2821 1⁰
1164 2777 1212 2821 di
1243 2778 1488 2829 gennaio).
1515 2777 1557 2822 11
1588 2780 1638 2821 15
1668 2790 1848 2831 marzo,
1866 2778 1914 2821 81
1942 2777 2242 2831 principiare
2273 2777 2410 2821 della

257 2844 556 2901 primavera,
584 2846 891 2891 celebravasi
921 2846 971 2892 18
997 2845 1128 2892 festa
1156 2847 1206 2892 di
1233 2847 1398 2893 Arma
1426 2847 1693 2900 Paremw,
1722 2847 1772 2892 18
1799 2847 1894 2891 (188
1923 2846 2182 2892 (1811’8880.

395 2918 435 2960 2.
463 2916 779 2971 antiquis,
811 2916 915 2962 8011.
945 2917 1058 2961 illis
1087 2930 1222 2973 quae
1251 2918 1309 2961 in
1333 2919 1521 2972 patria
1558 2918 1649 2972 eoi.
1689 2940 1743 2949 ·-
1792 2916 2088 2972 Tomitts,
2132 2930 2241 2970 gen.
2278 2918 2414 2971 idos,

259 2998 390 3041 agg„
419 2998 444 3029 ‹
470 2990 674 3041 passato
704 2987 753 3031 in
783 2987 920 3032 Tomi
949 2997 987 3031 ›.

395 3062 436 3104 3.
464 3060 986 3115 impositamque.
1012 3059 1242 3112 L'ariete,
1281 3060 1371 3105 che
1399 3058 1543 3114 porto
1573 3060 1706 3104 88118
1733 3059 1838 3104 loro
1865 3058 1987 3111 fuga
2015 3057 2180 3105 Frieso
2210 3058 2272 3103 ed
2297 3058 2410 3103 Ello

255 3130 534 3181 (1880188ᾱο
563 3130 740 3176 cadere
769 3131 923 3176 costei
950 3131 1082 3177 88110
1113 3135 1301 3186 stretto,
1329 3132 1408 3176 cui
1439 3144 1552 3176 essa
1580 3130 1723 3175 diedo
1752 3129 1786 3174 il
1822 3129 2027 3185 proprio
2041 3132 2219 3185 nome),
2248 3143 2410 3175 venne

254 3201 434 3256 pescia
474 3202 745 3247 convertito
781 3201 832 3246 in
875 3202 1043 3256 quella
1083 3202 1432 3248 costellazione
1475 3201 1744 3256 zodiacale,
1782 3200 1832 3245 in
1874 3200 1954 3245 cui
1987 3200 2023 3245 il
2064 3200 2167 3247 sole
2210 3201 2413 3246 sembra.

259 3277 456 3318 entrare
484 3272 565 3317 881
595 3285 727 3317 mese
756 3272 806 3316 di
835 3286 1013 3327 marzo,
1041 3272 1246 3318 durante
1277 3273 1569 3326 l’equinozio
1598 3271 1647 3315 di
1675 3270 1972 3327 primavera.

395 3346 435 3387 5.
464 3344 709 3397 layum:
736 3345 772 3387 s‘
784 3343 979 3388 intende
1011 3347 1140 3388 sotto
1169 3342 1203 3386 il
1233 3343 1350 3387 mite
1380 3344 1506 3387 cielo
1537 3342 1752 3388 d'Italia.

394 3416 434 3457 6.
460 3417 692 3461 natam
727 3414 922 3469 venit,
951 3414 1026 3459 001
1048 3414 1118 3463 G..
1132 3413 1311 3464 Rev„
1325 3427 1418 3467 per
1446 3417 1666 3461 terra...
1700 3414 1836 3459 vehit
1864 3413 1998 3467 degli
2035 3413 2146 3459 altri
2177 3413 2331 3459 codd.:
2360 3414 2409 3458 le

257 3483 390 3529 viole
418 3497 633 3529 8880080
662 3487 1116 3538 spontaneamente,
1143 3484 1272 3529 nelle
1303 3498 1576 3539 campagne
1595 3484 1813 3539 italiche,
1830 3488 2128 3530 senz’essere
2147 3485 2402 3531 coltivate.

354 3555 434 3598 -8.
461 3554 797 3607 indocilis,
824 3567 848 3599 ‹
882 3555 972 3600 che
1005 3567 1102 3600 non
1139 3568 1197 3600 88
1231 3559 1333 3599 star
1366 3555 1521 3599 fermo
1556 3568 1584 3600 o
1619 3554 1669 3600 in
1700 3555 1868 3609 riposo
1898 3567 1936 3599 ›.
1964 3579 2018 3587 —-
2046 3558 2286 3609 vernat,
2315 3553 2344 3597 i.
2365 3568 2408 3599 8.

257 3626 447 3679 ραννὶτ,
482 3624 704 3679 lascivit,
736 3625 971 3670 laetatur
997 3638 1126 3670 vere.

393 3697 434 3742 9.
460 3695 673 3740 malae
709 3697 947 3740 matris
987 3695 1249 3740 crimen:
1278 3695 1445 3740 allude
1474 3695 1575 3742 8118
1601 3700 1718 3741 nota
1732 3696 1899 3741 favola
1918 3695 1968 3739 di
1989 3696 2195 3749 Progne,
2214 3692 2303 3739 che
2323 3708 2409 3739 uc-

259 3765 361 3810 0188
392 3765 453 3809 8(1
481 3765 700 3810 imbandi
730 3765 761 3809 il
793 3766 929 3819 figlio
958 3765 1019 3810 Iti
1050 3766 1097 3811 81
1127 3767 1329 3819 proprio
1358 3766 1537 3812 marito
1566 3767 1737 3820 Tereo,
1751 3766 1800 3811 in
1828 3766 2062 3811 vendetta
2091 3764 2235 3809 d'una
2254 3778 2415 3817 grave-

258 3835 489 3889 ingiuria,
517 3849 544 3881 e
571 3848 729 3881 venne
759 3837 1034 3882 convertita
1063 3836 1114 3881 in
1142 3836 1363 3882 rondine.
1388 3861 1443 3868 —
1473 3838 1777 3892 deponat,
1814 3849 1838 3880 ‹
1869 3836 1909 3880 si
1940 3835 2116 3889 spogli,
2144 3833 2306 3880 faccia
2334 3835 2408 3880 di·

257 3906 527 3951 meuticare
558 3918 597 3951 ›.

369 3978 433 4021 10.
462 3978 786 4031 trabibus,
814 3977 903 4023 che
935 3977 976 4022 81
1003 3978 1310 4031 protendono
1333 3977 1460 4022 fuori
1477 3977 1606 4022 dalle
1623 3990 1816 4022 0888.-
1845 3988 2057 4029 cunas,
2079 3975 2213 4020 08818
2239 3975 2414 4020 nidos.-
