2840 4464
1254 280 1445 322 LIBER
1481 280 1542 320 11.

506 384 688 469 idque
736 395 836 451 tuo
884 405 1082 470 nuper
1117 385 1409 471 scriptum
1454 385 1567 451 sub
1612 384 1879 461 nomine,
1928 383 1967 449 C

592 497 653 552 et
698 487 806 553 tibi
853 498 1153 554 sacratum
1199 508 1328 553 sors
1374 483 1512 555 mea
1557 488 1724 574 rupit
1766 508 1938 574 opus,

507 589 576 654 Et
616 590 896 657 dedimus
940 590 1177 678 tragicis
1222 591 1515 677 scriptum
1559 592 1762 678 regale
1805 590 1967 656 cotlu

591 714 865 780 quaeque
908 695 1110 782 gravis
1153 695 1334 763 debet
1378 695 1566 761 verba
1610 694 1943 760 cothurnus

507 795 785 882 dictaque
828 807 970 864 sunt
1011 797 1204 877 nobiS,
1240 798 1521 884 quamvis
1565 817 1782 863 manus
1826 797 1967 863 ult'it

596 898 808 980 defuit,
856 901 919 965 in
964 900 1143 966 facies
1187 921 1442 987 corpora
1486 921 1661 966 versa
1708 920 1915 965 novas.

510 1001 702 1087 Atque
744 1003 986 1069 uti‘nam
1031 1002 1274 1069 revoces
1317 1004 1595 1069 animum
1637 1003 1953 1089 paulisper

596 1115 658 1171 et
699 1126 887 1172 vacuo
931 1106 1141 1173 iubeas
1190 1106 1333 1172 hinc
1376 1106 1488 1171 tibi
1532 1126 1722 1192 pauca
1768 1106 1906 1192 legi,

511 1227 718 1293 pauca,
766 1209 986 1295 quibus
1030 1210 1231 1296 prima
1276 1230 1533 1291 surgens
1578 1209 1654 1274 ab
1699 1209 1934 1296 origine

601 1311 662 1375 in
707 1321 809 1377 tua
855 1312 1080 1378 deduxi
1124 1322 1423 1398 tempora,
1470 1311 1705 1390 Caesar,
1752 1332 1930 1397 opus:

514 1413 826 1501 adspicieS,
873 1425 1171 1501 quantum
1216 1415 1458 1481 dederis
1502 1414 1658 1480 mihi
1703 1414 1962 1501 pectoris

597 1537 840 1603 quoque
883 1517 1091 1585 favore
1134 1517 1325 1584 animi
1371 1528 1551 1604 teque
1595 1527 1850 1604 tuosque
1893 1538 1967 1583 ca]

514 1617 645 1685 Non
691 1641 799 1708 ego
843 1621 1111 1687 mordaci
1157 1621 1457 1688 destrinxi
1502 1621 1772 1687 carmine
1817 1640 1967 1706 quen

603 1743 714 1789 nec
756 1744 929 1791 meus
972 1725 1159 1792 ullius
1202 1725 1461 1803 crimina
1504 1745 1719 1790 versus
1765 1723 1965 1789 habet.

517 1825 822 1894 Candidus
867 1850 901 1894 a
945 1829 1173 1894 salibus
1215 1828 1459 1894 suffusis
1504 1826 1645 1893 felle
1689 1826 1910 1913 refugi:

601 1931 769 1996 nulla
815 1941 1115 1997 venenato
1158 1931 1361 1996 littera
1406 1930 1599 1995 mixta
1643 1931 1771 1996 ioco
1815 1939 1923 1995 est.

517 2030 682 2098 Inter
723 2043 812 2099 tot
854 2034 1086 2120 populi,
1134 2042 1219 2100 tot
1262 2034 1523 2120 scriptiS,
1568 2033 1741 2099 milia
1785 2031 1967 2098 nostri

605 2155 789 2220 quem
833 2156 970 2202 mea
1014 2135 1283 2223 Calli5pe
1327 2135 1592 2215 laeserit,
1639 2155 1799 2202 unus
1844 2154 1967 2221 ego.

518 2236 649 2303 Non
695 2239 880 2326 igitur
923 2240 1146 2306 nostris
1191 2242 1389 2307 ullum
1433 2240 1700 2327 gaudere
1743 2238 1967 2323 Quirite

604 2362 887 2429 auguror,
934 2354 995 2409 at
1039 2346 1264 2410 multos
1308 2343 1645 2409 indoluisse
1688 2342 1892 2421 malis3

521 2464 631 2510 nec
658 2445 816 2511 mihi
847 2446 1139 2512 credibile
1168 2456 1276 2525 est,
1310 2463 1682 2533 quemquam
1713 2445 1966 2510 insultas

606 2548 800 2634 gratia
845 2549 1094 2615 candori
1141 2550 1188 2614 si
1237 2549 1356 2635 qua
1403 2550 1591 2615 relata
1637 2568 1775 2614 meo
1820 2557 1928 2612 est.

430 2874 523 2919 551.
550 2876 657 2919 tuo
702 2875 966 2921 nomine.
993 2875 1168 2922 Ovidio
1198 2875 1372 2921 dedico
1401 2876 1491 2931 piu
1509 2875 1640 2921 tardi
1668 2876 1684 2920 i
1713 2874 1855 2920 Fasti
1879 2888 1909 2919 a
1939 2873 1967 2917 G

354 2942 404 2986 di
433 2943 609 3001 Druso,
636 2947 766 2991 colla
793 2960 1034 3001 speranza
1064 2947 1112 2991 di
1142 2950 1365 2992 ottenere
1393 2961 1485 3002 per
1512 2960 1600 2992 suo
1630 2959 1795 2991 mezzo
1825 2945 1857 2990 il
1887 2958 1967 2999 pel

434 3016 527 3067 553.
557 3017 856 3063 dedimus.
898 3018 1075 3065 Ovidio
1105 3019 1212 3064 fece
1242 3022 1624 3073 rappresentare
1655 3016 1809 3062 anche
1839 3016 1967 3060 alcui

356 3084 684 3133 famosissima
698 3089 749 3133 la
762 3088 952 3135 Medea.
966 3096 1018 3121 '—
1033 3104 1063 3136 r
1074 3104 1098 3135 e
1107 3104 1140 3145 9
1151 3104 1184 3136 a
1196 3090 1215 3134 l
1227 3103 1275 3145 e,
1293 3087 1475 3144 perche
1491 3089 1623 3134 nella
1637 3086 1866 3141 tragedia
1881 3086 1922 3131 si
1937 3101 1967 3141 p

441 3160 534 3202 554.
563 3159 760 3215 debet,
809 3160 912 3206 scil.
955 3162 1158 3207 habere.

438 3231 532 3274 556.
559 3231 847 3285 infactas
892 3245 1087 3278 novas
1129 3244 1346 3277 accenna
1375 3232 1420 3276 al
1451 3244 1630 3285 poema
1659 3230 1789 3275 delle
1817 3229 1967 3275 Metal

432 3301 526 3346 558.
553 3314 770 3357 vacuo,
797 3315 821 3346 ‹
850 3302 1047 3357 quando
1075 3316 1137 3349 ne
1166 3302 1328 3347 avessi
1356 3306 1522 3355 tempo
1552 3312 1591 3348 ›.

440 3372 534 3415 559.
561 3384 860 3428 surgens,
886 3372 993 3419 cioe
1020 3374 1290 3429 incipiens.

433 3444 527 3487 561.
546 3445 858 3500 pectoris,
884 3444 1018 3490 ossia
1045 3445 1229 3499 animi,
1253 3445 1495 3499 spiritus,
1521 3443 1627 3489 cioe
1658 3457 1687 3488 a
1715 3455 1967 3497 comporre

436 3515 529 3557 563.
558 3513 904 3571 destrinxi,
932 3515 1039 3561 cioo
1068 3516 1213 3560 laesi.

436 3586 528 3629 564.
556 3586 768 3640 habet,
795 3600 820 3631 <
849 3600 1047 3641 espone‚
1075 3589 1223 3631 mette
1252 3586 1301 3630 in
1329 3586 1498 3632 leoena
1525 3597 1564 3632 ›.

436 3658 531 3701 565.
555 3657 834 3713 salibus,
861 3657 1002 3703 motti
1031 3657 1250 3712 spiritosi
1278 3656 1340 3701 ed
1368 3657 1548 3710 arguti.

445 3727 801 3774 566slittera
831 3741 856 3772 <
884 3728 1059 3782 pamla
1086 3738 1126 3783 ›,
1156 3729 1326 3772 mioeta
1354 3727 1662 3781 <congiunta
1685 3737 1725 3780 ›‚
1753 3730 1967 3772 venenat

437 3799 530 3842 567.
566 3797 748 3844 Costr.:
786 3799 925 3844 inter
965 3801 1039 3845 tot
1078 3798 1233 3843 milia
1260 3798 1454 3853 populi
1485 3798 1671 3850 nostri,
1698 3800 1772 3842 tot
1808 3796 1967 3851 script

358 3869 530 3913 multa
556 3870 759 3924 scripta
787 3870 927 3922 sint).

441 3941 535 3984 568.
562 3953 696 3985 mea
729 3939 802 3995 0.,
830 3954 854 3985 <
881 3940 932 3984 la
960 3939 1059 3985 mia
1087 3953 1226 3985 musa
1253 3950 1292 3984 ›.
1320 3939 1498 3985 Costr.:
1525 3952 1665 3984 unus
1693 3951 1781 3992 eqo
1811 3940 1965 3989 (sum)

447 4012 541 4055 572.
571 4011 816 4066 aratia,
844 4024 867 4055 ‹
888 4010 1124 4056 ricambio
1144 4021 1184 4065 ›‚
1211 4010 1432 4055 candori
1459 4022 1482 4053 ‹
1503 4009 1603 4054 alla
1620 4021 1834 4063 purezza
1863 4005 1967 4050 deii
