2840 4464
420 0 693 21 -··ῖ”“’···“,“
730 0 739 13 ῑ
1296 0 1610 19 ’-“”’*·ι’-ι·ι-··
1684 0 1687 1 ’

26 0 333 94 Γππειπ
825 24 832 33 ·
862 16 943 56 τι.
1344 21 1351 28 ·
1503 14 1533 41 ·.
1557 14 1584 31 .-

920 69 935 85 t»

1156 235 1346 279 unna
1382 233 1441 289 v,
1474 219 1524 274 3.

441 342 574 420 Fer,
620 341 779 408 bone
821 341 1020 420 Liber,
1066 361 1275 427 opem3
1322 340 1406 406 sic
1449 341 1641 406 altera
1686 339 1974 426 degravet
2017 362 2019 366 ⁴

525 444 667 509 vitis
710 454 770 510 et
814 444 1044 510 incluso
1087 446 1272 529 plena
1317 442 1394 507 sit
1436 442 1557 509 nv&
1601 460 1799 509 mero:

437 546 524 611 sic
567 546 677 611 tihi
712 566 851 613 cum
895 545 1139 612 Bacchis
1182 546 1541 630 Satyrorum
1585 544 1783 630 gnava
1826 543 2013 611 iuven

527 648 703 726 adsit,
749 659 810 714 et
852 648 1108 714 attonito
1152 668 1278 713 non
1325 657 1561 713 taceare
1606 667 1790 712 sono:

441 771 575 816 ossa
620 749 990 837 bipenniferi
1037 750 1121 816 sic
1164 751 1286 816 sint
1330 752 1493 816 male
1535 770 1743 836 pressa
1787 749 2018 836 Lycurg

529 853 719 939 impia
763 873 875 925 nec
916 867 1115 939 poena
1159 851 1465 918 Pentheos
1506 852 1727 919 umbra
1773 862 1968 917 vacet:

445 955 529 1022 sic
573 956 754 1021 micet
795 966 1116 1021 aeternum
1161 955 1484 1040 vicinaque
1528 953 1727 1020 sidera
1771 954 1973 1020 vincat

532 1058 803 1145 coniugis
847 1058 911 1122 in
957 1060 1121 1123 caelo
1164 1059 1326 1123 clara
1369 1077 1590 1122 corona
1635 1066 1802 1122 tuae:

451 1161 569 1226 huc
610 1162 754 1226 ades
796 1171 858 1226 et
899 1181 1070 1226 casus
1115 1159 1370 1236 releveS,
1416 1159 1855 1245 pulcherrime,
1901 1174 2019 1225 nosl

532 1283 727 1330 unum
771 1263 848 1329 de
892 1282 1152 1330 numero
1196 1282 1297 1328 me
1339 1281 1581 1327 memor
1624 1282 1755 1327 esse
1801 1265 1930 1328 tuo!

452 1359 607 1431 Snnt
650 1365 744 1431 dis
787 1365 948 1432 inter
992 1385 1056 1431 se
1099 1364 1487 1430 commercia:
1538 1365 1780 1430 flectere
1822 1375 2017 1450 tempt

536 1467 898 1534 Caesareum
943 1488 1176 1534 numen
1221 1467 1498 1554 numine,
1546 1466 1793 1544 Bacche,
1840 1471 1973 1533 tuo!

452 1569 571 1635 Vos
615 1590 877 1655 quoque,
921 1579 1228 1635 consortes
1273 1568 1478 1646 studii,
1523 1569 1624 1654 pia
1670 1568 1868 1645 turha,
1914 1577 2019 1654 poc]

539 1671 686 1737 haec
730 1671 944 1737 eadem
990 1681 1233 1757 sumpto
1278 1671 1537 1756 quisque
1583 1680 1787 1757 rogate
1829 1690 2001 1736 mero

391 1998 458 2040 35.
485 1994 703 2050 Liber,
737 1993 843 2040 cosi
872 1993 898 2039 ὸ
929 1994 1063 2040 detto
1091 1995 1268 2050 Baoco,
1285 1994 1470 2048 perche
1493 1994 1652 2040 libera
1670 1994 1866 2040 l'animo
1896 1994 2019 2048 dagl:

285 2067 532 2119 altera,
573 2063 701 2110 cioe:
731 2064 835 2110 cosi
864 2064 910 2108 le
936 2064 1027 2109 viti
1059 2064 1101 2109 si
1129 2064 1332 2118 sposino
1362 2063 1458 2108 due
1490 2078 1519 2108 a
1556 2063 1651 2109 due
1681 2063 1782 2118 agli
1811 2064 1944 2119 olmi,
1978 2078 2019 2110 6(

282 2136 362 2182 616
389 2136 440 2181 16
464 2134 788 2180 vendemmia.
815 2136 860 2179 A
889 2134 984 2180 due
1013 2134 1101 2179 viti
1131 2134 1427 2187 successive,
1454 2138 1683 2188 separate
1712 2139 1791 2179 tra
1818 2134 1925 2180 loro
1955 2135 2019 2179 (16

284 2205 438 2263 piedi,
468 2204 510 2252 si
538 2205 667 2251 dava
693 2218 785 2261 per
812 2209 1060 2261 sostegno,
1087 2217 1225 2251 come
1254 2204 1451 2251 ricorda
1479 2204 1766 2261 Columella,
1793 2218 1859 2250 un
1886 2206 1991 2252 solo

394 2292 461 2335 37.
489 2289 786 2344 Bacchis,
827 2289 874 2334 le
903 2290 1140 2335 Β66661111
1176 2289 1266 2335 6116
1305 2289 1544 2335 facevano
1562 2295 1567 2300 “
1580 2294 1723 2344 parte
1761 2289 1841 2335 (161
1879 2293 2015 2335 corte

285 2374 438 2407 erano
467 2364 656 2405 armate
688 2360 737 2404 di
765 2359 1024 2413 verghette
1055 2359 1103 2404 di
1133 2360 1355 2414 pampini
1383 2360 1544 2412 (tirsi).
1573 2384 1625 2392 —
1653 2359 2019 2415 Satyrorum

287 2432 465 2484 Bacco,
484 2431 500 2475 i
520 2430 657 2485 quali
677 2444 898 2476 avevano
915 2444 1095 2475 umana
1109 2430 1161 2475 16
1178 2433 1321 2484 parte
1341 2430 1597 2484 superiore
1617 2429 1696 2475 del
1717 2443 1883 2485 corpo,
1902 2443 1992 2475 con
2012 2431 2019 2475 l

284 2517 315 2548 6
344 2501 534 2557 piccole
563 2514 728 2555 corna,
756 2514 782 2546 6
812 2500 863 2545 (11
891 2513 1106 2555 caprone
1133 2499 1415 2546 l'inferiore.
1444 2501 1537 2545 Del
1566 2502 1671 2546 loro
1700 2514 1903 2546 numero
1938 2515 2019 2547 cra

288 2573 379 2618 6116
400 2569 561 2617 allevo
578 2572 756 2616 Bacco.
774 2594 827 2602 -
854 2584 1084 2626 quava,
1112 2571 1284 2615 adatta
1302 2571 1364 2616 ed
1384 2576 1585 2625 esperta
1604 2571 1901 2626 compagnia
1919 2572 1999 2616 del

287 2645 535 2698 perpetua
560 2641 864 2695 giovinezza.

397 2727 464 2769 38.
493 2729 548 2769 et
591 2725 898 2770 attonito:
941 2738 968 2769 e
997 2723 1221 2769 faceiano
1241 2724 1287 2769 le
1308 2724 1544 2770 Baccanti
1567 2737 1592 2770 e
1613 2724 1628 2769 i
1650 2724 1800 2771 Satiri
1819 2725 2019 2779 echeggi

270 2809 314 2840 ·‹
344 2809 436 2841 eon
465 2794 610 2849 grida
636 2794 837 2850 furiose,
864 2794 1143 2840 assordanti
1171 2805 1210 2839 ›.

397 2881 464 2924 39.
491 2878 800 2933 Lycurqi:
841 2891 893 2923 re
923 2878 1057 2923 della
1084 2878 1275 2933 Tracia‚
1303 2878 1410 2931 che,
1443 2878 1655 2925 volendo
1698 2892 1927 2924 svezzare
1965 2879 2019 2924 (16

287 2950 323 2995 11
353 2949 539 3005 popolo
569 2962 673 3002 suo,
702 2952 890 2993 mentre
920 2962 1012 2994 con
1040 2963 1139 2994 una
1166 2948 1381 3003 bipenne
1409 2949 1641 2994 recideva
1668 2950 1715 2994 le
1742 2948 2019 3001 vitiat-one?

289 3020 486 3074 gambe.
511 3042 564 3051 —
592 3019 726 3063 sint
766 3019 935 3063 male
967 3031 1230 3074 pressa,
1269 3018 1374 3063 6611.
1411 3022 1572 3073 terra,
1603 3020 1715 3065 vale
1744 3020 1886 3064 male
1919 3020 2019 3064 cub<

288 3103 505 3145 possano
536 3093 703 3140 trovar
729 3088 895 3143 riposo
926 3092 1140 3135 sotterra
1160 3099 1200 3144 ›‚
1226 3088 1437 3134 formola
1470 3089 1519 3134 di
1553 3089 1815 3144 soongiuro
1849 3089 1938 3135 che
1972 3090 2015 3134 si

298 3161 457 3207 morti.

398 3245 464 3287 40.
490 3241 832 3295 Pentheos,
873 3255 984 3295 gen.
1011 3256 1105 3296 gn:
1132 3243 1334 3297 Pentec,
1361 3246 1549 3287 mentre
1576 3243 1616 3288 si
1638 3256 1899 3298 opponeva
1918 3243 2017 3288 all'i

292 3313 427 3357 culto
457 3312 507 3357 di
535 3312 698 3357 Baceo
727 3311 778 3356 in
806 3312 956 3367 Tebe,
986 3325 1142 3358 venno
1172 3312 1339 3358 ucciso
1368 3312 1504 3358 dalla
1531 3314 1737 3367 propria
1756 3314 1924 3359 madre
1952 3314 2019 3359 trs

402 3397 467 3439 42.
495 3394 636 3440 coni
645 3394 813 3449 uuis:
839 3393 889 3439 16
913 3397 1105 3440 6161666
1124 3408 1321 3447 corona,
1341 3395 1475 3440 ossia
1494 3394 1627 3439 della
1646 3399 1836 3441 eretese
1858 3399 1943 3441 tua
1962 3410 2019 3442 eo

296 3464 348 3509 16
376 3463 522 3517 quale
550 3477 734 3510 corona
759 3476 917 3508 venne
948 3463 1013 3509 da
1040 3468 1087 3509 16
1117 3464 1392 3510 convertita
1410 3465 1461 3510 in
1482 3465 1847 3511 costellazione.
1867 3490 1919 3497 —-
1939 3468 2019 3512 cl<

294 3534 388 3580 6116
418 3534 458 3579 61
486 3533 631 3589 legge
659 3534 711 3578 in
738 3547 803 3578 un
834 3534 907 3579 sol
937 3534 1123 3580 codice.

403 3619 469 3661 44.
498 3618 568 3662 de
607 3630 870 3678 numero
911 3621 1041 3672 tuo,
1083 3616 1190 3663 6166
1219 3617 1300 3663 dal
1320 3631 1505 3664 novero
1526 3617 1606 3663 dei
1627 3618 1778 3674 poeti,
1801 3619 1890 3664 che
1912 3633 2019 3665 erar.

293 3701 392 3734 non
422 3701 564 3733 meno
593 3687 683 3732 che
713 3686 777 3732 ad
805 3687 1004 3742 Apollo.

402 3772 470 3815 46.
496 3783 748 3825 numen,
789 3784 813 3815 ‹
843 3771 1010 3816 volere
1039 3782 1078 3816 ›.

403 3854 472 3898 47.
491 3853 626 3907 pia,
653 3852 761 3897 cioe
790 3854 980 3899 amica.

403 3938 472 3981 48.
499 3948 690 3990 mero,
730 3937 834 3982 6611.
863 3938 935 3982 ad
963 3937 1254 3981 libandum.
