2840 4464
384 191 486 245 118

500 2812 569 2855 57.
599 2808 753 2864 alii,
798 2807 906 2854 cioe
935 2821 959 2853 ‹
988 2807 1003 2852 i
1033 2807 1183 2852 vieini
1212 2818 1252 2851 ›.

498 2900 568 2966 (ll.
593 2910 755 2954 pars
771 2931 784 2952 ‚
818 2896 923 2942 scil.
950 2896 1262 2941 incolarum.

481 2989 564 3035 63.
591 2986 897 3039 hamatis,
926 2982 1032 3030 oioe
1060 2996 1221 3029 uncos
1248 2983 1328 3028 vel
1369 2984 1556 3029 hamos
1596 2983 1923 3035 habentibus,
1949 2981 2001 3027 in
2030 2981 2175 3026 modo
2203 2979 2294 3027 ohe
2326 2978 2539 3026 rimano-

396 3070 526 3103 vauo
554 3056 753 3103 confitte
780 3056 914 3101 nella
940 3054 1103 3100 ferita-

498 3148 566 3191 65.
590 3146 888 3200 perdunt,
918 3157 942 3187 ‹
972 3148 1230 3197 guastum,
1260 3142 1583 3196 distruggono
1613 3153 1653 3187 ›.

498 3236 565 3278 69.
594 3245 772 3288 quem
813 3245 950 3287 non,
990 3245 1015 3276 ‹
1045 3230 1201 3276 anche
1231 3231 1431 3286 quando
1459 3244 1557 3276 non
1585 3231 1705 3276 lo.....
1733 3241 1774 3272 ›-

499 3323 567 3366 70.
599 3319 777 3365 Contra
813 3323 960 3365 terra
995 3320 1183 3365 relicta
1209 3319 1381 3375 rigido
1417 3320 1528 3364 situ
1556 3318 1598 3372 (‹
1627 3317 1978 3363 abbandonata
2002 3317 2138 3361 nella
2166 3329 2255 3362 sua
2281 3313 2533 3369 posizione

1336 203 1632 246 τιυετισι

562 310 868 398 protinus,
897 320 1155 396 aequato
1196 309 1367 376 siccis
1408 311 1806 396 aquilonibus
1847 311 2068 389 Histro,

645 412 963 479 invehitur
1000 413 1184 479 celeri
1231 412 1530 479 barbarus
1577 414 1766 479 hostis
1807 434 1994 499 equo:

564 515 772 593 hostis,
817 536 976 601 equo
1017 516 1259 600 pollens
1302 517 1607 602 longeque
1651 518 1896 582 volante
1937 516 2170 603 sagitta,

642 618 910 684 vicinam
952 620 1075 684 late
1116 617 1530 705 depopulatur
1574 619 1851 685 humum.

557 720 901 809 Diffugiunt
942 720 1069 797 alii,
1114 721 1426 806 nullisque
1469 721 1784 787 tuentibus
1826 742 2002 808 agros

644 823 1042 891 incustoditae
1083 823 1467 910 diripiuntur
1508 845 1684 910 opes:

562 928 726 994 ruris
768 948 917 1013 opes
956 948 1205 1013 parvae,
1248 947 1436 1013 pecus
1477 940 1540 994 et
1581 927 1899 993 stridentia
1943 929 2236 1013 plaustra,

646 1040 711 1094 et
752 1049 904 1115 quas
946 1028 1191 1094 divitias
1234 1029 1434 1095 incola
1477 1050 1716 1115 pauper
1760 1029 1967 1094 habet.

561 1129 707 1196 Pars
748 1132 950 1218 agitur
992 1131 1212 1196 vinctis
1252 1141 1389 1218 post
1435 1142 1676 1218 tergum
1717 1132 1890 1217 mpla
1935 1132 2193 1208 lacertis,

648 1233 977 1320 respiciens
1022 1233 1245 1300 frustra
1291 1255 1437 1300 rura
1480 1235 1800 1319 laremque
1842 1254 2051 1299 suum:

558 1356 704 1422 pars
745 1335 906 1401 cadit
952 1336 1213 1401 hamatis
1257 1337 1482 1402 misere
1522 1336 1760 1403 confixa
1804 1337 2063 1422 sagittis:

646 1457 790 1503 nam
834 1438 1067 1504 voliicri
1113 1437 1275 1504 ferro
1319 1438 1558 1505 tincti‘le
1601 1439 1772 1504 virus
1815 1439 1993 1503 inest.

560 1540 730 1625 Quae
773 1551 1089 1627 nequeunt
1128 1561 1333 1608 secum
1377 1540 1542 1611 serre
1584 1551 1690 1606 aut
1731 1541 2051 1617 abducere,
2095 1540 2383 1626 perdunt,
2454 1542 2548 1606 65

646 1654 709 1711 et
749 1653 979 1710 cremat
1022 1644 1293 1710 insontes
1330 1644 1560 1709 hostica
1604 1644 1853 1710 flamma
1896 1664 2079 1710 casas,

559 1746 608 1810 T
612 1767 727 1814 unc
771 1767 1033 1834 quoque,
1078 1767 1217 1813 cum
1260 1767 1383 1833 pax
1425 1759 1536 1823 est,
1581 1746 1893 1833 trepidant
1925 1745 2252 1812 formidine
2279 1745 2451 1819 belli,

648 1869 762 1915 nec
802 1849 1127 1935 quisquam
1169 1869 1380 1934 presso
1425 1868 1676 1914 vomere
1719 1851 1910 1914 sulcat
1955 1848 2233 1914 humum.

560 1952 676 2017 Aut
706 1951 891 2028 videt,
923 1961 1029 2018 aut
1059 1951 1276 2017 metuit
1304 1952 1471 2017 locus
1505 1950 1622 2027 hic,
1653 1971 1837 2036 quem
1876 1969 2002 2016 non
2031 1949 2218 2027 videt,
2261 1950 2545 2030 hostem;

648 2063 837 2120 cessat
880 2053 1046 2119 iners
1090 2053 1286 2139 rigido
1329 2052 1495 2119 terra
1538 2052 1746 2118 relicta
1789 2053 1927 2119 situ.
2453 2053 2549 2117 70

562 2153 695 2221 Non
743 2156 840 2221 hie
882 2156 1211 2243 pampinea
1255 2155 1450 2221 dulcis
1494 2156 1641 2220 latet
1684 2155 1804 2221 uv'a
1849 2154 1963 2220 suh
2006 2153 2245 2231 umbra,

652 2278 764 2324 nec
805 2261 1121 2325 cumulant
1163 2260 1317 2324 altos
1359 2257 1596 2324 fervida
1640 2268 1839 2324 musta
1884 2259 2065 2322 lacus,

565 2360 750 2427 Poma
792 2372 970 2448 negat
1014 2362 1205 2449 regio;
1253 2381 1365 2427 nec
1409 2360 1663 2426 haberet
1707 2359 2006 2436 Aconum,
2053 2360 2114 2424 iu
2161 2379 2280 2445 quo

651 2464 940 2530 scriberet
986 2465 1084 2529 hic
1126 2463 1414 2530 dominae
1457 2462 1648 2529 verba
1691 2461 1946 2548 legenda
1990 2481 2161 2527 suae:

499 2723 567 2767 53.
596 2724 894 2776 aequato,
921 2733 945 2764 ‹
976 2720 1211 2765 divenuta
1239 2720 1289 2764 la
1318 2719 1581 2774 superficie
1610 2718 1753 2764 lieeia
1781 2732 1808 2763 e
1838 2717 2118 2773 ghiaooiata
2145 2728 2184 2763 ›.

394 3391 646 3439 immobile
676 3403 703 3436 o
733 3389 950 3435 indurita
980 3390 1062 3435 dal
1092 3388 1316 3442 ghiacoio
1346 3395 1389 3441 ›)
1417 3393 1585 3435 cessat
1614 3389 1758 3435 inere
1787 3390 1830 3440 (‹
1850 3401 1903 3432 se
1921 3400 1984 3432 ne
2006 3391 2083 3432 sta
2110 3386 2161 3432 in
2188 3386 2356 3441 riposo
2369 3396 2410 3439 ›‚
2428 3384 2535 3431 oioe

394 3477 493 3509 nou
520 3461 773 3518 produce).

499 3551 566 3595 72.
590 3548 875 3605 fervida,
906 3546 1040 3592 essia
1068 3548 1398 3602 spumantia.
2363 3589 2370 3596 ,

498 3639 564 3682 73.
590 3636 939 3681 Acontius:
981 3633 1172 3679 avendo
1215 3635 1344 3679 vista
1386 3634 1598 3688 Cidippe
1636 3633 1717 3679 nel
1745 3632 1930 3688 tempio
1961 3632 2010 3677 di
2038 3631 2200 3677 Diana
2227 3630 2277 3676 in
2305 3631 2444 3686 Delo,
2469 3643 2530 3676 ne

390 3707 444 3753 fu
472 3720 621 3762 proso
651 3706 879 3759 (vaniore,
909 3718 934 3750 e
963 3719 1056 3759 per
1084 3705 1290 3750 attirare
1320 3719 1351 3751 a
1378 3705 1432 3750 se
1474 3705 1525 3750 la
1566 3704 1769 3758 vergine
1787 3733 1800 3754 .
1839 3703 2017 3749 scrisse
2056 3716 2206 3757 sopra
2240 3716 2340 3747 una
2380 3701 2531 3747 melaz

383 3790 487 3832 per
522 3776 764 3821 Dianam
806 3777 923 3820 iuro
951 3789 1033 3819 me
1059 3775 1278 3819 Acontio
1305 3779 1616 3830 nupturam,
1644 3787 1671 3819 e
1700 3775 1750 3818 la
1777 3773 1885 3819 fece
1905 3773 2084 3817 cadere
2103 3773 2234 3818 nelle
2254 3770 2385 3817 mani
2404 3770 2531 3816 della

392 3845 643 3890 tanciulla.
672 3845 742 3889 La
771 3846 933 3900 quale,
962 3844 1261 3890 eredendola
1289 3859 1354 3889 un
1384 3858 1537 3898 segne
1576 3844 1707 3889 della
1742 3843 1944 3888 volout&
1983 3843 2116 3888 della
2153 3843 2260 3897 dea,
2297 3842 2341 3887 si
2369 3839 2447 3886 die
2480 3841 2528 3885 in

394 3915 567 3969 isposa
596 3914 659 3958 ad
687 3915 921 3960 Aconzio.
