2840 4464
44 3985 45 4006 l

44 4013 47 4048 l

44 4065 277 4396 l..

393 187 491 240 104
1312 207 1612 248 ‘rme-rma

563 307 754 376 Maius
797 310 960 396 apud
1004 311 1249 377 Troiam
1293 312 1433 378 forti
1480 312 1628 398 quid
1674 308 1971 379 habemus
2016 313 2282 379 Achille?

647 411 941 478 Dardanii
986 414 1266 480 lacrimas
1309 434 1434 481 non
1476 415 1617 481 tulit
1657 416 1765 481 ille
1808 416 1989 481 senis,

561 513 730 597 Quae
773 515 941 581 ducis
987 516 1251 582 Emathii
1298 517 1482 583 suerit
1523 517 1867 595 clementia,
1914 517 2105 584 Porus

645 616 952 703 Dareique
995 618 1212 684 docent
1257 619 1492 686 funeris
1535 620 1876 705 exsequiae.
2459 619 2553 685 40

560 717 722 785 Neve
767 720 1093 788 hominum
1138 721 1400 787 referam
1449 723 1637 787 flexas
1681 721 1757 787 ad
1800 721 2010 789 mitius
2055 722 2194 799 iraS,

648 820 894 888 Iunonis
924 833 1126 910 ‘gener
1169 834 1279 902 est,
1325 824 1432 909 qui
1478 824 1652 910 prius
1699 824 1887 889 hostis
1931 833 2081 890 erat.

561 922 838 1009 Denique
882 945 1005 991 non
1048 945 1297 1011 possum
1341 929 1578 992 nullam
1624 947 1872 1013 sperare
1915 927 2195 1004 salutem,

648 1046 787 1092 cum
828 1047 1065 1113 poenae
1108 1049 1232 1094 non
1278 1029 1357 1093 sit
1398 1022 1584 1095 causa*
1618 1039 1872 1109 cruenta
1915 1048 2105 1095 meae.

562 1127 691 1201 Non
737 1128 912 1206 mihi,
958 1131 1275 1217 quaerenti
1321 1130 1720 1217 pessumdiire
1763 1141 1993 1209 cuncta,
2039 1141 2300 1217 petitum
2453 1131 2541 1195 45

649 1230 1012 1299 Caesareum
1055 1242 1236 1318 caput
1279 1244 1388 1311 est,
1436 1233 1598 1318 quod
1642 1244 1823 1319 caput
1865 1234 2032 1300 orbis
2075 1243 2233 1299 erat:

563 1352 688 1397 non
733 1333 965 1419 aliquid
1011 1334 1156 1412 dixi,
1204 1335 1595 1421 violentaque
1640 1337 1846 1422 lingua
1895 1335 2197 1422 loquendo
2240 1346 2348 1413 est,

598 1460 610 1479 ⁸
650 1437 940 1521 lapsaque
982 1448 1126 1503 sunt
1169 1428 1360 1502 nimio
1407 1437 1594 1503 verba
1638 1437 1892 1524 profana
1937 1457 2128 1503 mer0.

563 1536 749 1604 lnscia
792 1539 955 1623 quod
998 1540 1232 1605 crimen
1279 1540 1569 1606 viderunt
1612 1540 1870 1616 lumina,
1914 1541 2165 1625 plector,

645 1652 1079 1726 peccatumque
1123 1645 1324 1708 oculos
1369 1653 1460 1708 est
1505 1642 1790 1708 hahuisse
1833 1648 2080 1708 meum.'··
2126 1643 2132 1649 ‘
2452 1643 2539 1707 50

559 1741 690 1808 Non
734 1743 1018 1828 equidem
1065 1754 1254 1809 totam
1298 1764 1543 1829 possum
1592 1744 1922 1810 defendere
1964 1746 2234 1829 culpam:

643 1845 749 1911 sed
792 1857 1031 1931 partem
1078 1847 1271 1912 nostri
1315 1846 1594 1911 criminis
1638 1867 1815 1912 error
1861 1846 2066 1914 habet.

489 2180 556 2223 38.
584 2179 917 2224 Dardanii
953 2179 1152 2224 senis:
1178 2158 1390 2236 Priamo,
1416 2193 1472 2224 re
1502 2179 1581 2225 dei
1611 2178 1849 2229 Dardani.
1879 2179 1926 2224 al
1958 2179 2106 2234 quale
2132 2177 2327 2224 Achille
2357 2177 2533 2234 impie·

387 2250 533 2295 toeito
562 2250 758 2295 restitui
786 2251 821 2295 il
850 2264 1002 2305 corpo
1031 2250 1083 2295 di
1110 2251 1297 2305 Ettore,
1323 2265 1412 2296 suo
1441 2251 1591 2304 figlio.

490 2332 558 2375 39.
587 2331 768 2375 ducis
805 2330 1110 2386 Emathii,
1138 2330 1271 2375 ossio.
1297 2329 2053 2398 Maccdmis‚oioeA1essancro
2072 2330 2270 2384 Magno,
2286 2329 2376 2375 che
2395 2328 2535 2375 vinto

386 2414 412 2444 θ
439 2414 588 2455 preeo
617 2401 759 2454 Poro,
786 2414 840 2446 re
869 2401 1150 2457 dell'India‚
1176 2414 1273 2446 non
1301 2415 1426 2456 pure
1455 2402 1524 2454 gli
1554 2401 1727 2446 ridono
1769 2402 1819 2446 la
1859 2401 2053 2456 liberta,
2081 2414 2161 2446 ma
2199 2413 2261 2445 ne
2290 2400 2534 2446 accrebbe

383 2472 453 2524 gli
483 2471 613 2517 etati.

489 2552 557 2595 40.
583 2551 722 2596 Dar
733 2552 800 2606 ei,
843 2551 892 2596 di
921 2551 1089 2605 Dario,
1116 2550 1206 2595 che
1239 2551 1420 2596 caduto
1450 2550 1501 2595 in
1528 2551 1774 2604 battaglia
1801 2553 1972 2595 contro
2000 2550 2303 2595 Alessandro
2334 2549 2534 2595 dovette

384 2622 485 2667 alla
513 2621 868 2676 magnanimita
896 2622 945 2667 di
972 2625 1149 2678 questo
1177 2623 1359 2668 l’onore
1390 2622 1441 2667 di
1470 2623 1628 2676 degne
1658 2621 1875 2677 esequie.

487 2703 554 2745 41.
580 2713 728 2746 neve
756 2701 867 2746 vale
897 2704 946 2745 et
971 2714 1051 2746 ne.

486 2782 554 2824 42.
581 2779 878 2825 Iunonie:
904 2781 1095 2834 Ercole‚
1124 2781 1254 2836 dopo
1284 2794 1451 2826 essere
1481 2784 1611 2826 stato
1641 2783 1779 2826 tanto
1821 2779 2164 2834 perseguitato
2193 2777 2259 2824 da
2287 2778 2533 2834 Giunone‚

384 2864 626 2896 ammeseo
654 2852 734 2896 nel
764 2851 890 2896 cielo
919 2854 1118 2896 ottenne
1146 2852 1197 2897 la
1225 2864 1368 2897 mano
1398 2852 1449 2896 di
1477 2851 1597 2905 Ehe,
1623 2851 1761 2904 figlia
1789 2850 1840 2894 di
1870 2850 2112 2895 Giunone.

485 2932 553 2975 43.
579 2931 836 2976 nullam
875 2943 1169 2985 sperare,
1196 2943 1286 2985 per
1314 2944 1420 2976 non
1447 2943 1690 2986 sperare:
1724 2934 1842 2975 nota
1880 2928 1971 2974 che
2000 2930 2046 2974 le
2077 2928 2171 2974 due
2201 2928 2458 2982 negazioni
2489 2930 2531 2974 si

382 3001 662 3047 eliminano.

486 3083 554 3124 44.
581 3085 877 3136 cruenta,
904 3095 928 3125 ‹
957 3080 1219 3135 micidiale,
1246 3079 1464 3134 capitale
1491 3090 1531 3124 ›.

489 3162 557 3204 45.
582 3173 706 3205 non
747 3160 929 3204 mihi:
964 3159 1012 3204 io
1040 3173 1135 3204 non
1175 3159 1333 3204 tentai
1373 3163 1530 3209 (come
1560 3159 1674 3203 altri
1702 3158 1809 3204 fece
1840 3172 1865 3204 e
1894 3171 1956 3203 ne
1986 3161 2185 3203 ottenne
2212 3156 2451 3212 perdono)
2480 3156 2530 3201 di

382 3228 683 3283 precipitare
712 3230 828 3283 ogni
856 3243 974 3275 cosa
1002 3229 1244 3284 colpendo
1272 3230 1513 3284 Augusto,
1541 3229 1590 3274 in
1620 3229 1700 3274 cui
1728 3229 1898 3284 riposa
1925 3229 1976 3273 la
2004 3229 2164 3274 salute
2194 3228 2274 3272 del
2304 3227 2498 3273 mondo.

488 3311 555 3353 47.
580 3322 704 3354 non
747 3310 1007 3364 aliquid
1050 3309 1208 3363 dixi,
1251 3311 1286 3354 θ’
1298 3308 1498 3354 intende
1541 3311 1710 3354 contro
1755 3308 1855 3353 alla
1881 3307 2074 3353 maesta
2115 3307 2165 3351 di
2201 3308 2441 3361 Augusto.
2476 3331 2532 3337 —

381 3379 820 3436 violentaque:
855 3381 937 3425 nel
967 3380 1024 3424 G.
1053 3392 1079 3424 θ
1108 3380 1166 3423 V.
1194 3379 1237 3424 si
1266 3379 1410 3433 legge
1443 3380 1756 3434 violataque,
1786 3391 1812 3423 e
1841 3378 1922 3423 nel
1950 3378 2003 3423 L.
2031 3378 2324 3432 velataque.
2347 3400 2400 3409 ——
2443 3377 2532 3422 lo·

381 3450 644 3506 quondo,
671 3465 696 3492 ι
723 3451 804 3496 nel
831 3450 1029 3505 parlare
1060 3460 1084 3491 >
1113 3451 1191 3495 col
1219 3450 1287 3504 L„
1314 3463 1407 3504 per
1436 3450 1612 3494 locuta
1639 3449 1728 3494 che
1759 3449 1801 3494 si
1828 3448 1975 3502 legge
2006 3448 2211 3493 altrove.

486 3531 553 3575 48.
583 3530 777 3585 lapsa
815 3530 1028 3584 dipende
1059 3541 1255 3584 sempre
1285 3528 1368 3573 dal
1396 3541 1502 3573 non
1530 3527 1611 3573 del
1630 3541 1775 3573 verso
1794 3528 2112 3583 precedente.
2136 3552 2190 3559 —
2211 3528 2531 3583 profana,

382 3612 405 3643 <
437 3598 613 3655 empie‚
641 3600 919 3654 sacrileghe
948 3612 987 3656 >‚
1014 3598 1198 3655 perche
1228 3598 1404 3644 rivolte
1436 3602 1607 3644 contro
1636 3600 1687 3643 la
1715 3612 1859 3644 sacra.
1886 3611 2101 3653 persona
2130 3597 2181 3642 di
2207 3599 2453 3651 Augusto.

480 3687 548 3729 49.
573 3686 813 3740 inscia,
842 3698 865 3729 ‹
894 3684 1374 3739 imprudentemente
1405 3693 1446 3727 >.
1481 3705 1535 3714 —
1571 3683 1832 3737 crimen,
1861 3682 2118 3736 generiem
2148 3682 2258 3726 vale
2286 3681 2532 3734 crimina,

388 3766 411 3797 ‹
442 3755 488 3799 le
517 3755 783 3809 pubbliche
813 3756 957 3809 colpe
988 3766 1025 3801 >.

485 3835 552 3876 51.
582 3837 806 3888 totam,
833 3832 1016 3887 perche
1048 3833 1094 3877 io
1122 3846 1221 3877 non
1251 3833 1441 3878 dovevo
1471 3832 1785 3878 descriverle.

486 3910 554 3951 52.
584 3923 782 3965 error,
810 3924 833 3955 <
862 3910 1218 3965 l’imprudenza
1254 3921 1292 3955 ›.
