2840 4464
387 205 456 261 60
1314 215 1609 260 'rffls'rmM

557 325 662 392 sed
705 327 857 391 solet
901 324 1212 391 interdum
1258 324 1392 390 fieri
1439 323 1735 410 placabile
1780 342 2030 400 numen,

636 428 800 495 nube
844 430 997 494 solet
1038 428 1215 513 pulsa
1257 426 1555 493 candidus
1600 427 1690 492 ire
1733 424 1880 492 dies,
2038 417 2040 420 ⁴

552 530 690 597 Vidi
735 551 844 618 ego
885 529 1231 617 pampineis
1275 528 1592 596 oneratam
1636 528 1862 595 vitibus
1905 530 2164 606 ulmum,

638 653 793 718 quae
837 633 1034 700 fuerat
1079 631 1244 699 saevi
1289 632 1550 699 fulmine
1593 641 1748 697 tacta
1792 629 1965 697 Iovis,

556 736 688 824 Ipse
732 737 871 802 licet
913 756 1161 822 sperare
1204 745 1391 814 veteS,
1439 735 1821 822 speravimus
1865 754 2093 819 usque:
2403 732 2523 797 145

643 840 756 906 hoc
797 860 993 906 unum
1038 839 1193 917 fieri,
1243 849 1301 905 te
1342 838 1731 925 prohibente,
1775 847 1989 924 potest.

559 942 708 1028 Spes
753 942 909 1009 mihi
951 962 1170 1029 magna
1216 940 1397 1020 subit,
1444 961 1582 1007 cum
1626 951 1704 1019 te,
1749 940 2070 1006 mitissime
2112 939 2416 1027 princePS,

643 1066 781 1131 spes
824 1044 999 1122 mihi,
1047 1044 1301 1130 respicio
1345 1065 1484 1111 cum
1527 1065 1665 1111 mea
1709 1044 1877 1123 facta,
1923 1042 2097 1110 cadit.

557 1149 636 1214 Ac
678 1149 889 1227 veluti,
935 1148 1136 1217 ventis
1179 1147 1547 1236 agitantibus
1591 1156 1752 1226 aera,
1799 1167 1923 1213 non
1968 1156 2058 1213 est

641 1251 910 1337 aequalis
956 1250 1154 1316 rabies
1197 1250 1641 1336 continuusque
1685 1249 1874 1327 furor,
2401 1249 2525 1313 150

557 1353 663 1429 sed
705 1354 887 1420 modo
932 1353 1256 1420 subsidunt
1299 1353 1757 1439 intermissique
1799 1354 2103 1430 silescunt,

637 1457 887 1543 vimque
930 1466 1106 1544 putes
1151 1456 1289 1522 illos
1333 1455 1682 1543 deposuisse
1708 1475 1939 1522 suam:

558 1559 641 1627 sic
684 1552 909 1627 abeunt
955 1558 1335 1645 redeuntque
1377 1559 1497 1626 mei
1545 1560 1906 1644 variantque
1948 1558 2217 1635 timoreS,

642 1673 702 1728 et
746 1684 918 1749 spem
960 1663 1238 1750 placandi
1286 1663 1555 1749 dantque
1600 1671 1943 1749 negantque
1984 1660 2093 1728 tui.

558 1765 674 1831 Per
716 1787 968 1853 superos
1013 1767 1216 1853 igitur,
1247 1766 1350 1851 qui
1389 1765 1538 1832 dant
1581 1765 1691 1831 tibi
1737 1765 1916 1852 longa
1960 1763 2311 1848 dabuntque
2404 1763 2523 1828 155

641 1879 936 1954 tempora,
985 1869 1328 1935 Romanum
1372 1869 1420 1932 si
1467 1867 1649 1933 modo
1694 1886 1920 1933 nomen
1966 1876 2194 1943 amant,

559 1992 672 2057 per
714 1971 997 2057 patriam,
1045 1992 1200 2057 quae
1242 1980 1303 2036 te
1348 1980 1476 2036 tuta
1520 1980 1581 2036 et
1624 1991 1832 2037 secura
1875 1978 2132 2055 parente
2174 1978 2281 2044 est,

642 2074 828 2152 cuius
875 2084 943 2140 ut
986 2074 1052 2138 in
1096 2077 1343 2161 populo,
1390 2094 1533 2159 pars
1578 2094 1686 2159 ego
1732 2093 1933 2159 nuper
1974 2093 2185 2151 eram3
2231 2109 2313 2118 —-

557 2176 641 2243 sic
683 2177 813 2255 tibi,
860 2197 1044 2264 quem
1088 2198 1331 2264 semper
1374 2176 1542 2243 factis
1586 2177 1914 2262 animoque
1957 2175 2233 2254 mereriS,

641 2280 933 2347 reddatur
972 2291 1178 2368 gratae
1221 2281 1462 2347 debitus
1504 2280 1675 2346 urbis
1718 2300 1925 2346 amor:
2402 2277 2525 2341 160

556 2383 724 2449 Livia
767 2382 852 2449 sic
895 2393 1094 2451 tecum
1139 2384 1386 2450 sociales
1431 2385 1731 2469 compleat
1775 2402 1985 2460 annOS,

641 2507 816 2572 quae,
864 2486 981 2552 nisi
1028 2496 1106 2566 te,
1152 2489 1326 2553 nullo
1370 2486 1623 2574 coniuge
1667 2485 1851 2572 digna
1894 2484 2027 2563 fuit,

468 2741 560 2783 141.
587 2751 831 2793 numen,
861 2752 884 2783 ‹
915 2738 964 2783 la
989 2738 1192 2783 volonta.
1220 2738 1301 2783 dei
1330 2737 1503 2783 celesti
1531 2749 1572 2780 ›.

468 2813 558 2855 144.
585 2810 763 2855 saevi
791 2808 866 2854 col
895 2808 967 2864 L.‚
994 2822 1086 2864 per
1112 2822 1266 2854 saevo
1295 2808 1344 2853 di
1373 2809 1488 2853 altri
1517 2807 1657 2853 codd.

467 2883 558 2926 145.
585 2881 994 2935 speravimus
1035 2880 1111 2925 col
1149 2879 1215 2935 L.‚
1257 2892 1349 2934 per
1387 2879 1721 2934 sperabimus
1764 2877 1895 2931 degli
1939 2876 2051 2922 altri
2094 2875 2247 2922 codd.:
2290 2888 2456 2931 usque
2498 2874 2526 2920 ὲ

383 2952 629 2998 sostituito
659 2964 751 2997 con
778 2966 877 2996 una
904 2950 1049 2996 felice
1077 2955 1368 3005 congettura
1396 2950 1718 3004 dell'Heinse,
1746 2950 1989 3004 all’utque
2017 2949 2096 2993 del
2123 2947 2176 2993 L.

465 3026 557 3068 147.
583 3035 720 3068 cum
756 3026 837 3077 te,
875 3021 980 3068 scil.
1007 3023 1241 3077 respicio.

465 3096 557 3140 150.
585 3094 909 3149 aequalis:
949 3093 1132 3138 sottint.
1160 3106 1378 3148 semper.

467 3168 557 3211 155.
585 3165 768 3219 Questo
809 3163 1015 3219 periodo
1058 3167 1230 3209 consta
1271 3163 1319 3208 di
1361 3168 1436 3207 tre
1479 3162 1699 3219 membri,
1740 3162 1776 3207 il
1816 3162 1976 3217 primo
2011 3162 2060 3206 di
2102 3161 2362 3215 scongiuro
2405 3159 2526 3215 (per

383 3249 602 3292 superos
644 3239 750 3290 etc„
775 3249 854 3279 vv.
883 3234 1038 3291 155-8),
1073 3234 1109 3280 il
1152 3233 1364 3281 secondo
1402 3233 1658 3288 d'augurio
1695 3234 1788 3286 (sic
1815 3233 1910 3278 tibi
1954 3236 2062 3287 etc„
2086 3245 2163 3277 vv.
2191 3233 2400 3286 159-178)‚
2430 3244 2455 3275 e
2489 3231 2524 3274 il

383 3310 515 3352 terzo
545 3306 595 3350 di
624 3305 888 3361 preghiera
916 3305 1113 3361 (parce,
1132 3318 1336 3362 precor,
1363 3308 1470 3361 etc„
1496 3319 1573 3350 vv.
1601 3307 1680 3349 179
1712 3307 1866 3358 segg).

466 3380 556 3423 156.
587 3381 890 3432 tempora,
919 3388 944 3421 ‹
972 3376 1076 3422 vita
1103 3387 1143 3423 ›.

464 3451 555 3493 157.
583 3452 639 3493 te
666 3451 959 3503 parente,
999 3459 1024 3491 ‹
1055 3450 1182 3493 sotto
1210 3445 1258 3492 le
1288 3451 1369 3493 tue
1400 3460 1516 3493 cure
1545 3449 1752 3502 paterne
1781 3457 1820 3491 ›.

452 3523 554 3565 ³158.
581 3522 651 3565 ut
685 3520 753 3564 in
783 3519 1046 3575 populo,
1070 3532 1095 3563 <
1123 3532 1260 3564 come
1289 3532 1386 3564 uno
1417 3519 1496 3564 del
1526 3519 1710 3574 popolo
1739 3530 1779 3563 >.

464 3593 556 3636 159.
583 3604 762 3646 quem
803 3590 845 3635 si
886 3589 1109 3635 riferisce
1155 3590 1392 3637 all'amor
1433 3589 1514 3635 del
1555 3604 1601 3636 v.
1643 3587 1935 3636 successivo.
1976 3609 2028 3619 -—
2072 3589 2297 3640 animo,
2339 3601 2363 3631 ‹
2397 3584 2526 3632 colla

380 3661 532 3708 bonta
562 3660 840 3707 dell’animo
869 3672 907 3705 ›.

461 3735 554 3778 161.
579 3731 772 3777 Livia
799 3732 1032 3785 Drusilla,
1059 3732 1240 3787 moglie
1270 3732 1319 3777 di
1347 3732 1545 3778 Tiberio
1573 3732 1784 3786 Nerone,
1812 3731 1902 3776 che
1931 3731 2156 3784 Augusto
2200 3728 2363 3784 spese,
2394 3729 2524 3783 dopo

381 3815 499 3846 aver
524 3802 777 3856 ripudiata
804 3802 1076 3849 Scribonia.
1103 3825 1156 3836 ·-
1184 3804 1480 3857 sociales,
1506 3816 1530 3846 ‹
1559 3802 1808 3856 coniugali
1837 3814 1878 3845 ›.

459 3874 653 3918 162-164.
680 3873 852 3927 Questi
892 3874 1025 3919 versi
1068 3886 1275 3920 servono
1305 3888 1335 3919 a
1363 3887 1564 3919 scusare
1592 3874 1643 3918 la
1684 3873 1908 3919 violenza
1936 3875 2081 3918 usata
2123 3872 2187 3918 da
2223 3872 2446 3925 Augusto
2476 3871 2524 3916 al

380 3939 538 3992 primo
569 3942 744 3988 marito
774 3942 823 3987 di
852 3944 1011 3988 Livia.
