2840 4464
1194 277 1385 319 mnan
1420 277 1483 332 v,
1516 263 1565 318 4.

479 381 785 448 Tristitiae
828 401 1072 448 causam
1116 379 1306 466 siquis
1351 400 1707 468 cognoscere
1753 401 1771 464 ε

562 483 796 550 ostendi
847 485 1038 549 solem
1082 485 1349 569 postulat
1392 483 1500 549 ille
1544 482 1679 561 sibi,

480 606 592 652 nec
635 584 916 651 frondem
961 584 1025 649 in
1057 584 1246 662 silviS,
1295 604 1405 650 nec
1449 595 1660 670 aperto
1705 604 1769 649 m

564 687 862 776 gramina,
911 707 1023 753 nec
1064 689 1250 773 pleno
1296 687 1557 753 flumine
1598 687 1771 753 cerni·

482 789 629 876 quid
672 789 951 856 Priamus
996 789 1216 868 doleat,
1263 788 1607 866 mirabitur,
1655 789 1771 855 Hec

562 892 789 979 quidve
831 891 1192 958 Philoctetes
1236 891 1388 958 ictus
1432 892 1509 957 ab
1555 911 1752 978 angue

477 994 554 1060 Di
598 995 867 1060 facerent
908 995 1170 1072 utinam,
1214 994 1351 1060 talis
1396 1003 1588 1060 status
1631 1008 1771 1059 esset

562 1108 632 1164 ut
673 1097 828 1162 mihi
873 1097 1156 1162 tristitiae
1199 1096 1376 1163 causti
1420 1096 1689 1162 docenda
1732 1096 1771 1162 f<

480 1200 620 1265 Fert
661 1209 889 1277 tamen,
934 1209 1003 1266 ut
1047 1199 1245 1275 debet,
1291 1219 1463 1265 casus
1505 1199 1771 1284 patiente

565 1323 736 1368 more
781 1322 891 1368 nec
935 1301 1221 1368 indomiti
1270 1302 1442 1368 frena
1489 1311 1725 1368 recusat
1768 1334 1771 1358 ι

479 1425 589 1471 nec
632 1404 762 1470 fore
804 1414 1168 1490 perpetuam
1212 1414 1417 1490 sperat
1462 1403 1576 1469 sibi
1625 1424 1771 1470 num

562 1506 832 1573 conscius
877 1507 941 1571 in
984 1509 1162 1592 culpa
1207 1526 1330 1571 non
1376 1508 1573 1572 scelus
1616 1525 1745 1571 esse

481 1609 673 1694 Saepe
717 1607 925 1686 refert,
961 1609 1040 1673 sit
1083 1618 1310 1694 quanta
1353 1608 1452 1674 dei
1498 1608 1771 1674 clementi

567 1732 630 1777 se
675 1731 918 1797 quoque
962 1710 1027 1775 in
1072 1711 1370 1796 exemplis
1414 1709 1771 1777 adnumeral

480 1833 642 1892 nam,
689 1813 851 1899 quod
897 1833 1044 1899 opes
1087 1822 1291 1878 teneat
1332 1812 1581 1899 patriam,
1628 1813 1771 1897 quot

565 1915 832 2001 denique
876 1915 1038 2001 quod
1083 1915 1270 1991 vivat,
1316 1934 1545 1980 munus
1591 1914 1771 1980 habel

479 2017 563 2083 Te
607 2028 812 2105 tamen
857 2056 941 2065 —
986 2037 1042 2095 o,
1086 2017 1136 2081 si
1184 2016 1334 2102 quid
1376 2016 1574 2082 credis
1616 2016 1771 2082 mihi

566 2119 849 2185 omnihus
881 2157 963 2166 ——
1008 2119 1074 2184 in
1120 2129 1244 2184 toto
1287 2129 1533 2205 pectore
1577 2138 1771 2204 semp<

487 2232 667 2308 teque
712 2221 1155 2301 Menoetiaden,
1202 2231 1282 2300 te,
1320 2220 1427 2307 qui
1470 2221 1771 2289 comitatus

443 2515 482 2557 8.
511 2513 762 2558 ostendi
802 2512 1022 2557 solem:
1064 2511 1310 2557 domanda
1329 2511 1418 2557 eho
1449 2511 1517 2565 gli
1546 2511 1587 2556 si
1617 2516 1771 2558 mostr,

308 2582 357 2627 le
387 2595 499 2627 cose
526 2582 614 2638 piu
641 2582 918 2628 manifeste.

419 2668 484 2710 10.
512 2679 632 2721 aqu
644 2679 764 2720 am,
800 2664 877 2711 coi
905 2664 1046 2710 codd.
1074 2664 1304 2720 migliori‚
1328 2678 1422 2720 per
1449 2678 1619 2720 aquae
1649 2665 1729 2711 del
1758 2667 1771 2709 <

420 2750 483 2792 11.
511 2746 801 2802 Hectore,
842 2747 1065 2802 figliuolo
1094 2746 1144 2792 di
1170 2747 1383 2803 Priamo,
1409 2747 1466 2793 fu
1491 2747 1658 2793 ueoiso
1688 2748 1753 2793 da

420 2834 483 2876 12.
511 2830 929 2885 Philoctetes,
969 2829 1057 2875 ofr.
1083 2844 1131 2875 n.
1157 2832 1198 2885 5,
1227 2832 1264 2885 1,
1289 2832 1358 2876 61.

417 2916 482 2959 13.
502 2916 824 2970 facerent:
865 2912 1035 2968 l’impf.
1071 2913 1236 2959 indica
1273 2913 1362 2959 che
1399 2914 1641 2967 l'augurio
1678 2927 1771 2961 non

306 2985 555 3030 contrario
584 2984 687 3029 alla
712 2984 886 3030 realta.
911 3007 966 3016 -
995 2984 1178 3038 talis,
1220 2982 1327 3029 eioe
1355 2983 1463 3029 cosi
1485 2984 1614 3030 lieve
1645 2998 1671 3030 e
1699 2998 1771 3030 no]

304 3054 422 3099 tutti
456 3068 624 3100 sanno.
651 3077 704 3085 —
731 3055 799 3099 in
837 3054 980 3110 illo,
1023 3054 1127 3099 scil.
1160 3052 1364 3099 ovidio:
1381 3053 1423 3099 si
1442 3053 1547 3099 noti
1566 3054 1655 3099 che
1676 3054 1702 3099 ὸ
1723 3068 1771 3099 se

309 3124 360 3169 in
387 3137 530 3169 nome
559 3124 780 3179 proprio.

418 3210 483 3252 14.
508 3211 578 3253 ut
617 3208 790 3261 mihi,
831 3207 910 3252 col
946 3207 1072 3261 Vnt„
1110 3220 1204 3262 per
1241 3220 1306 3252 ne
1332 3207 1467 3251 mihi
1495 3219 1524 3251 o
1551 3211 1612 3252 ut
1639 3220 1757 3262 non,

310 3278 618 3332 docenda,
642 3291 733 3332 per
762 3277 988 3323 dolenda
1016 3277 1106 3322 che
1135 3276 1162 3322 ὸ
1191 3277 1242 3322 in
1269 3277 1505 3332 pareoehi
1532 3277 1688 3324 codd-z
1707 3291 1759 3323 se

310 3361 342 3392 a
368 3348 484 3393 tutti
509 3352 627 3393 nota
653 3361 746 3402 per
773 3348 823 3392 la
852 3361 942 3393 sua
968 3347 1178 3403 gravitat,
1202 3347 1367 3403 potrei
1392 3348 1730 3402 permettermi
1758 3349 1771 3392 ε’

420 3433 484 3474 15.
511 3435 578 3476 ut
607 3432 813 3476 debet:
841 3430 1056 3475 secondo
1084 3429 1135 3475 la
1163 3430 1396 3476 massima
1426 3430 1515 3475 che
1543 3430 1771 3486 presan-iv<

309 3499 446 3553 gioia
475 3514 501 3545 e
527 3500 779 3547 tolleranti
809 3500 1185 3547 dell‘avversitn.

417 3585 480 3628 17.
506 3597 640 3639 nee,
668 3583 800 3629 ossia
829 3588 876 3628 et
903 3596 1022 3637 non,
1051 3584 1100 3628 la
1123 3583 1204 3628 cui
1232 3582 1504 3636 negazione
1534 3584 1771 3638 appui-tie:

417 3667 481 3711 19.
510 3666 632 3720 dei,
674 3666 779 3711 soil.
797 3667 1042 3721 Augusti.

414 3750 482 3793 21.
501 3750 786 3805 patriae,
814 3749 919 3794 cioe
943 3752 1218 3804 paternas.

413 3833 480 3875 22.
506 3832 761 3884 habere,
794 3832 900 3877 soil.
925 3833 1104 3887 refert.

411 3917 477 3959 25.
503 3914 976 3969 Menoetiaden,
1017 3915 1261 3970 Patroclo,
1289 3913 1424 3968 figlio
1455 3914 1503 3959 di
1532 3914 1742 3970 Meneto,

302 4006 358 4015 ι·-
426 3985 494 4029 ui
536 3987 884 4030 comitatus
931 3983 1218 4040 Oresten,
1257 3984 1445 4030 Pilade.
