2840 4464
1201 248 1391 290 mmm
1427 248 1492 291 11.
2340 235 2406 287 59

438 356 738 441 turbaque
783 354 1096 421 doctorum
1141 353 1442 421 Nasonem
1487 354 1676 432 novit,
1724 365 1784 421 et
1829 353 2010 421 audet

523 478 648 525 non
692 457 973 549 fastiditis
1015 458 1425 524 adnumerare
1469 458 1634 525 viris,
2287 457 2406 522 120

437 562 677 628 Corruit
723 562 871 627 haee
913 560 1116 648 igitur,
1164 561 1346 627 Musis
1390 571 1649 647 accepta,
1696 561 1809 628 sub
1852 580 1977 627 uno

522 664 628 730 sed
673 684 797 730 non
842 664 1059 751 exiguo
1102 664 1378 742 erimine,
1427 666 1595 750 lapsa
1639 663 1894 730 domus:

437 776 619 852 atque
662 788 732 833 ea
777 766 860 833 sic
902 767 1071 853 lapsa
1114 777 1223 846 est,
1269 776 1337 833 ut
1381 787 1649 854 surgere,
1696 767 1747 831 si
1790 766 1973 832 modo
2016 765 2162 831 laesi

522 869 925 936 ematuruerit
969 869 1238 935 Caesaris
1283 869 1394 948 ira,
1443 879 1657 955 queat:

441 972 609 1039 cuius
653 973 718 1037 in
764 981 991 1039 eventu
1032 992 1268 1058 poenae
1309 973 1634 1039 elementia
1677 981 1845 1038 tanta
1890 980 1997 1050 est,
2287 969 2406 1033 125

523 1075 764 1143 venerit
805 1084 874 1141 ut
918 1069 1125 1141 nostro
1169 1075 1369 1141 lenior
1412 1076 1519 1141 illa
1561 1084 1747 1142 metu.

438 1181 573 1248 Vita
618 1182 758 1248 data
802 1190 910 1260 est,
955 1181 1227 1266 citraque
1272 1200 1485 1246 necem
1529 1189 1632 1247 tua
1676 1179 1948 1246 eonsti‘tit
1991 1180 2101 1258 ira,

523 1305 559 1350 o
601 1285 888 1372 princeps
931 1293 1113 1369 parce
1157 1282 1393 1350 viribus
1437 1282 1545 1349 use'
1591 1282 1748 1349 tuis!

438 1387 694 1474 Insuper
737 1388 1046 1465 accedunt,
1097 1397 1153 1452 te
1197 1406 1320 1452 non
1368 1385 1702 1464 adimente,
1748 1396 2060 1472 paternae,
2096 1425 2197 1443 —-.

523 1499 837 1576 tamquam
875 1490 1001 1555 vita
1044 1508 1264 1575 parum
1309 1489 1587 1555 muneris
1630 1497 1788 1555 esset
1816 1526 1919 1569 —‚
1945 1510 2107 1577 opes,
2289 1486 2409 1552 130

436 1592 554 1659 Nee
595 1613 733 1659 mea
777 1592 1018 1659 decreto
1062 1593 1364 1657 damnasti
1410 1592 1564 1658 facta
1607 1601 1874 1671 senatuS,

523 1715 634 1763 nee
676 1716 833 1776 mea,
880 1697 1099 1762 selecto
1143 1695 1360 1774 iudice,
1406 1695 1569 1762 iussa
1613 1695 1752 1810 fuga
1794 1706 1903 1761 est.

436 1798 734 1866 Tristibus
780 1777 1053 1866 invectus
1097 1798 1303 1865 verbis
1332 1837 1416 1845 —
1449 1798 1532 1865 ita
1574 1798 1855 1886 principe
1899 1797 2153 1885 dignum
2192 1834 2247 1844 -

523 1904 688 1991 ultus
730 1923 797 1968 es
841 1901 1119 1980 offensaS,
1165 1911 1233 1968 ut
1277 1901 1465 1980 deoet,
1512 1902 1664 1988 ipse
1685 1910 1837 1967 tuas.
1887 1940 1892 1944 ·

437 1984 620 2083 Adde,
667 2003 830 2090 quod
873 2004 1158 2083 edictum,
1206 2004 1487 2120 quamvis
1531 2004 1770 2070 immite
1813 2003 2169 2089 minaxque,
2286 2000 2405 2067 135

522 2107 791 2174 attamen
838 2108 901 2172 in
945 2127 1178 2195 poenae
1221 2107 1474 2173 nomine
1518 2108 1658 2173 lene
1706 2107 1859 2174 fuit:

439 2209 667 2298 quippe
713 2209 1031 2299 relegatuS,
1080 2230 1204 2277 non
1249 2212 1442 2290 exsul,
1490 2211 1656 2277 dicor
1698 2211 1762 2277 in
1808 2212 1933 2291 illo,

519 2314 819 2400 privaque
864 2314 1145 2381 fortunae
1189 2324 1332 2381 sunt
1376 2314 1460 2379 ibi
1506 2315 1695 2381 verba
1739 2335 1930 2380 meae.

434 2414 613 2483 Nulla
656 2417 905 2503 quidem
949 2438 1097 2483 sano
1140 2418 1389 2504 gravior
1433 2418 1778 2503 mentisque
1820 2416 2055 2503 potenti

518 2540 718 2607 poena
760 2531 870 2601 est,
917 2542 1103 2606 quam
1148 2530 1314 2587 tanto
1360 2520 1740 2607 displicuisse
1783 2520 1958 2585 viro:
2289 2518 2407 2584 140
2446 2531 2451 2536 '

351 2794 442 2837 120.
471 2793 931 2848 adnumerare,
959 2793 1063 2839 soil.
1090 2806 1185 2838 me.

348 2877 441 2919 124.
469 2876 926 2930 ematuruerit,
955 2875 1062 2920 eioe
1091 2879 1310 2921 matura
1329 2876 1485 2930 sacta
1513 2875 1584 2921 sit
1612 2880 1660 2921 et
1688 2876 1864 2921 lenita.

348 2961 439 3004 125.
467 2960 674 3015 cuius,
716 2958 822 3006 soil.
859 2960 1106 3016 Amasti,
1131 2960 1189 3006 iu
1217 2963 1396 3006 eventu
1439 2972 1650 3016 poenae,
1682 2971 1707 3004 ‹
1733 2958 2191 3014 nell'applioazione
2220 2959 2301 3004 del
2329 2972 2411 3004 ea·

266 3028 398 3083 stigo
427 3041 466 3074 ›.

347 3115 439 3158 127.
470 3114 648 3169 data,
675 3125 700 3158 ‹
729 3113 1043 3168 risparmiata
1071 3125 1110 3159 ›.
1137 3138 1190 3146 —
1218 3115 1517 3170 citraque
1548 3115 1649 3168 (nel
1677 3115 1729 3160 L.
1757 3128 1849 3170 per
1876 3123 2084 3161 erronea
2116 3115 2411 3170 interpreta-

264 3185 408 3230 zione
437 3189 715 3241 cruraque)
745 3199 768 3230 ‹
799 3187 847 3232 al
875 3185 924 3231 di
955 3199 1056 3241 qua
1082 3198 1122 3232 ›.

347 3270 440 3314 132.
468 3269 727 3324 selecto,
753 3282 778 3315 ‹
806 3282 898 3324 per
926 3274 1158 3316 sentenza
1187 3269 1236 3315 di
1265 3270 1463 3324 giudice
1494 3271 1647 3316 soelto
1677 3285 1707 3316 a
1734 3274 1880 3326 posta
1908 3282 1947 3317 ›.

347 3354 441 3399 133.
468 3354 803 3408 tristibus,
832 3366 857 3399 ‹
885 3353 1031 3408 piene
1062 3354 1111 3399 di
1141 3354 1309 3400 dolore
1338 3366 1377 3411 >3
1404 3356 1719 3410 invectus,
1746 3356 1851 3401 soil.
1878 3357 1934 3402 in
1963 3369 2057 3401 me.

349 3439 441 3483 134.
476 3437 638 3493 ipse,
679 3450 704 3481 <
732 3437 796 3483 da
832 3441 881 3482 te
921 3440 1078 3484 stesso
1108 3449 1146 3484 ›.
1188 3463 1240 3470 —
1283 3442 1456 3493 tuas,
1494 3452 1517 3483 ‹
1548 3439 1670 3485 fatte
1710 3440 1758 3484 al
1794 3443 1878 3485 tuo
1918 3453 2133 3494 governo
2167 3454 2195 3486 o
2225 3440 2411 3486 intento

263 3508 472 3563 politico
500 3519 539 3554 ›.

352 3594 443 3638 137.
470 3593 827 3648 releuatus:
854 3595 903 3639 la
932 3594 1242 3647 relegazione
1272 3606 1359 3638 era
1385 3596 1722 3649 temporanea,
1747 3594 1922 3641 l'esilio
1950 3599 2207 3651 perpetuo.

353 3679 444 3723 138.
466 3678 788 3733 privaque
829 3678 906 3723 001
934 3678 1001 3733 L.,
1026 3691 1118 3732 per
1153 3691 1428 3733 parvaque
1471 3678 1603 3732 degli
1647 3679 1760 3724 altri
1801 3679 1955 3734 codd„
1980 3679 2093 3724 vale
2135 3692 2160 3723 <
2199 3678 2414 3733 partico-

267 3746 378 3802 lari,
406 3746 658 3801 singolari,
684 3747 951 3803 personali,
989 3747 1303 3803 privilegiata
1332 3758 1371 3802 >,
1399 3748 1450 3792 in
1478 3748 1623 3793 modo
1666 3749 1773 3794 eioe
1815 3749 1904 3794 che
1943 3713 1981 3793 ’il
2023 3753 2174 3803 poeta
2201 3762 2294 3793 nou
2327 3761 2412 3793 era

267 3828 524 3871 eompreso
551 3818 685 3863 nella
712 3817 969 3872 categoria
996 3817 1047 3863 di
1076 3818 1191 3864 altri
1220 3817 1539 3872 delinquenti
1581 3842 1634 3851 -
1673 3823 1826 3865 eunt
1862 3820 1952 3864 ibi
1993 3820 2069 3863 eol
2099 3818 2150 3862 L
2180 3831 2206 3864 e
2237 3817 2412 3862 Guelf:

266 3887 348 3933 nel
375 3887 480 3933 Pal.
507 3888 549 3934 si
577 3889 725 3943 legge
754 3892 880 3934 eunt
909 3889 1054 3935 data.

352 3973 442 4018 139.
471 3985 508 4028 p
519 3986 546 4019 ο
557 3975 578 4018 t
590 3985 661 4019 eu
673 3973 723 4017 ti
751 3972 862 4018 vale
893 3973 1128 4028 compoti.
