2840 4464
38 328 55 351 ἔ,

34 360 63 425 li

34 428 63 507 ἓ.

50 538 59 547 .,

58 608 61 617 A

417 231 501 283 ’26
1356 241 1650 283 ‘rmsrmu

603 348 765 414 Uxor
809 350 873 413 in
918 357 1238 414 aeternum
1284 347 1427 412 vivo
1470 347 1625 411 mihi
1672 347 1812 411 viva
1858 356 2133 431 negatur,

604 452 610 461 ’
688 462 749 516 et
792 450 1010 516 domus
1053 458 1114 515 et
1160 449 1318 514 fidae
1362 450 1560 515 dulcia
1604 448 1882 514 membra
1926 447 2163 525 domuS,

601 574 873 639 quosque
916 573 1026 639 ego
1070 552 1256 618 dilexi
1303 552 1578 617 fraterno
1621 571 1795 617 more
1836 550 2091 627 sodaleS‚
2493 552 2574 616 65

688 676 723 721 o
765 656 922 721 mihi
966 655 1199 720 Thesea
1244 665 1491 741 pectora
1536 655 1740 721 iuncta
1786 654 1935 719 fide!

599 758 762 824 Dum
808 758 966 834 licet,
1012 759 1372 842 amplectar:
1423 777 1763 842 numquam
1807 756 2060 822 fortasse
2104 756 2310 821 licebit

687 860 977 946 amplius:
1027 860 1090 924 in
1136 861 1305 926 lucro
1352 870 1447 925 est
1490 879 1647 944 quae
1689 859 1871 925 datur
1917 859 2067 923 hora
2110 857 2265 923 mihi
2315 887 2372 921 ».

601 963 719 1030 Nec
761 983 952 1041 mora,
998 963 1299 1028 sermonis
1343 962 1532 1028 verba
1579 962 1931 1049 imperfecta
1975 961 2276 1046 relinquo,

687 1067 1092 1150 complectens
1137 1066 1344 1130 animo
1387 1065 1669 1150 proxima
1715 1084 1991 1150 quaeque
2035 1083 2191 1129 meo.
2492 1064 2578 1128 70

601 1168 764 1235 Dum
809 1170 1025 1254 loquor
1069 1178 1129 1233 et
1177 1168 1411 1245 ssemuS,
1457 1170 1623 1233 caelo
1668 1167 2068 1233 nitidissimus
2111 1168 2254 1242 alto,

685 1272 860 1336 stella
902 1270 1104 1355 gravis
1148 1270 1344 1347 nobiS,
1393 1269 1629 1335 Lucifer
1673 1280 1842 1336 ortus
1886 1279 2035 1334 erat.

598 1372 860 1438 Divi‘dor
890 1372 1055 1437 haud
1086 1372 1283 1449 aliter,
1320 1392 1505 1457 quam
1529 1372 1578 1436 si
1613 1392 1748 1437 mea
1777 1371 2057 1436 membra
2090 1370 2456 1454 relinquam,

685 1486 745 1541 et
788 1495 931 1560 pars
974 1475 1257 1559 abrumpi
1306 1494 1561 1560 corpore
1606 1475 1734 1539 visa
1780 1494 1890 1540 suo
1932 1484 2042 1541 est.

601 1578 698 1643 Sic
740 1576 933 1643 doluit
977 1576 1195 1643 Mettus
1237 1588 1400 1654 tunc,
1447 1597 1585 1642 cum
1631 1578 1694 1642 in
1740 1576 2041 1642 contraria
2086 1595 2292 1640 versos
2488 1574 2573 1639 75

685 1682 913 1747 ultores
950 1680 1164 1746 habuit
1207 1679 1571 1765 proditionis
1616 1699 1821 1764 equos,

599 1782 754 1849 Tum
799 1802 946 1847 vero
991 1782 1269 1848 exoritur
1299 1784 1530 1847 clamor
1573 1782 1953 1867 gemitusque
1997 1799 2297 1856 meorum,

685 1896 745 1950 et
790 1884 1019 1951 feriunt
1063 1893 1328 1949 maestae
1372 1894 1614 1970 pectora
1661 1881 1823 1950 nuda
1870 1902 2105 1949 manus,

601 1987 757 2053 Tum
804 2007 952 2052 vero
996 1987 1281 2063 coniunx,
1330 1986 1561 2052 umeris
1605 1986 1884 2051 abeuntis
1927 1985 2278 2061 inhaerenS,

685 2089 926 2155 miscuit
972 2089 1119 2154 haec
1161 2089 1429 2154 lacrimis
1474 2088 1667 2153 tristia
1712 2088 1898 2153 verba
1944 2088 2132 2154 meis:
2489 2087 2580 2152 80

615 2219 641 2248 «
671 2189 799 2256 Non
832 2200 1002 2276 potes
1033 2191 1243 2256 avelli:
1278 2191 1461 2257 simul
1497 2190 1658 2267 hinc,
1690 2190 1868 2257 simul
1904 2189 2128 2257 ibimus
2158 2217 2184 2247 υ
2221 2188 2451 2274 inquit:

703 2321 728 2349 α
753 2303 813 2358 te
856 2313 1077 2378 sequar
1121 2303 1180 2359 et
1223 2294 1491 2359 coniunx
1534 2293 1762 2359 exsulis
1805 2295 1975 2358 exsul
2022 2313 2149 2357 ero.

536 2612 601 2654 64.
632 2609 854 2653 dulcia
894 2610 1174 2654 membra
1217 2609 1258 2654 si
1286 2609 1509 2655 riferisce
1543 2623 1572 2656 a
1601 2613 1727 2655 tutte
1756 2610 1802 2654 le
1833 2609 2080 2654 comodita
2117 2609 2250 2655 della
2287 2622 2417 2663 casa,
2445 2622 2579 2654 com-

429 2693 563 2733 presi
592 2694 607 2722 1
638 2692 784 2724 servi.

533 2765 599 2808 66.
635 2762 795 2807 Thes
808 2769 905 2817 ἑά,
951 2764 1119 2818 quella
1148 2763 1195 2807 di
1227 2764 1307 2808 cui
1334 2764 1492 2809 Teseo
1520 2764 1574 2810 fu
1602 2764 1802 2810 avvinto
1848 2779 1879 2809 a
1914 2764 2116 2818 Piritoo,
2155 2777 2248 2817 per
2289 2777 2454 2809 amore
2492 2764 2575 2809 del

428 2833 576 2886 quale
604 2846 701 2877 non
730 2832 772 2877 si
801 2833 990 2879 ritenne
1020 2833 1100 2877 dal
1132 2833 1423 2879 discendere
1452 2835 1533 2879 nel
1562 2847 1725 2887 regno
1748 2834 1796 2878 di
1825 2834 2049 2879 Plutone.

534 2919 600 2961 68.
627 2918 694 2961 in
738 2917 917 2962 lucro
960 2921 1075 2972 est,
1113 2930 1136 2960 ‹
1168 2915 1193 2960 ὲ
1224 2917 1543 2970 guadagnata
1571 2928 1610 2962 ›.

507 2987 600 3045 ⁴69.
628 3012 834 3054 mora,
877 3001 981 3045 scil.
1019 3004 1107 3054 est,
1135 3013 1158 3044 ‹
1189 2999 1261 3044 v'e
1302 3000 1366 3045 da
1406 3000 1667 3054 indugiare
1697 3012 1738 3042 ›.
1781 3025 1833 3032 —-
1875 3002 2287 3056 imperfecta,
2327 3013 2350 3045 <
2390 3001 2572 3047 incom-

428 3071 581 3125 piute,
608 3070 866 3116 interrotte
895 3082 933 3115 ›.

534 3156 601 3199 70.
621 3155 940 3209 pro-xima,
968 3166 992 3198 ‹
1021 3154 1089 3207 gli
1120 3156 1308 3207 oggetti
1337 3154 1427 3209 piu
1455 3155 1557 3200 cari
1588 3165 1625 3199 ›.

534 3239 600 3290 ⁷1,
628 3238 780 3290 alto,
808 3248 832 3280 ‹
861 3251 918 3283 su
947 3240 1029 3282 nel
1057 3250 1222 3282 mezzo
1252 3247 1290 3282 ›.

532 3322 599 3365 72.
625 3334 695 3375 qr
707 3321 859 3374 avis,
887 3333 911 3365 ‹
933 3321 1139 3365 molesta
1159 3331 1206 3364 ›:
1245 3321 1294 3365 la
1323 3321 1469 3366 stella
1498 3321 1547 3365 di
1568 3321 1761 3366 Venere
1790 3321 1826 3366 il
1855 3321 2063 3366 mattino
2092 3321 2304 3376 preoede
2333 3321 2367 3365 il
2397 3334 2571 3375 soi-ger

425 3391 506 3437 del
535 3392 638 3436 sole
668 3404 694 3435 e
724 3389 893 3445 peroio
922 3391 1109 3445 prende
1138 3391 1175 3435 il
1202 3404 1345 3437 nome
1376 3391 1427 3436 di
1464 3391 1717 3447 Luci-ser.

532 3479 599 3520 74.
619 3489 814 3531 pare,
854 3475 960 3521 eioe
992 3476 1203 3522 l‘anima.

531 3563 596 3605 75.
625 3559 865 3605 Mettus
905 3559 1169 3615 Fuffetiue
1203 3560 1252 3604 in
1272 3573 1402 3613 pena
1424 3560 1589 3605 d'aver
1608 3561 1790 3606 tradito
1819 3561 1834 3604 i
1854 3560 2080 3615 Romani,
2097 3559 2147 3604 di
2167 3559 2247 3604 eui
2266 3573 2353 3604 era
2367 3560 2565 3609 alleato,

424 3631 476 3694 iju,
506 3632 630 3676 fatto
661 3633 920 3685 squas-tare
949 3630 1115 3683 legato
1146 3645 1175 3674 a
1205 3636 1403 3684 quattro
1435 3631 1630 3686 cavalli,
1658 3630 1748 3676 ohe
1777 3632 1954 3676 furono
1985 3630 2135 3685 spinti
2157 3644 2352 3684 ognuno
2373 3631 2420 3675 in
2443 3631 2569 3676 dire-

426 3702 565 3747 zione
595 3704 810 3755 opposta
838 3700 940 3754 agli
969 3701 1097 3746 altri.

530 3787 597 3828 78.
624 3784 825 3837 nuda,
864 3783 1047 3837 perche
1077 3783 1116 3828 si
1148 3784 1427 3831 sti-acciano
1456 3786 1502 3829 le
1532 3784 1674 3831 vesti.

425 3931 454 3972 d
530 3868 597 3975 8¹0.
623 3868 815 3977 vri-rba
842 3868 998 3912 meis
1039 3869 1116 3912 coi
1146 3868 1305 3912 codici
1335 3869 1566 3924 migliori,
1601 3869 1653 3914 in
1685 3870 1835 3923 luogo
1864 3869 1914 3915 di
1944 3871 2088 3915 dieta
2115 3871 2229 3915 suis
2257 3870 2564 3918 tramandato

459 3945 489 3974 a
517 3946 545 3975 a
568 3938 642 3977 tre
693 3936 809 3979 onti.
