2840 4464
74 40 77 47 ⁴
422 40 431 49 '¹
508 40 525 67 ‘5
576 40 587 57 “l
746 52 755 59 A
896 48 935 59 Ρι.
1416 56 1428 69 2
1527 50 1574 67 ιι

72 94 75 99 .
686 70 689 79 1
820 80 829 89 “’
932 84 941 91 ·’
1090 76 1113 93 ⁴³
1136 72 1195 95 *n*-
1244 70 1265 103 Ι.
1340 84 1373 97 :x

1153 242 1344 285 menn
1384 244 1442 299 v,
1482 230 1561 287 12.
1979 228 1983 233 ’
2329 232 2433 287 203

451 346 755 434 Tempore
797 348 901 433 qui
947 350 1128 435 longo
1172 349 1425 427 steterit,
1470 351 1634 415 male
1676 350 1867 417 currit
1911 360 1971 416 et
2014 351 2178 417 inter
2346 352 2428 420 25

524 449 880 521 carceribus
923 450 1139 517 missos
1183 450 1437 517 ultimus
1482 450 1594 516 ibit
1638 471 1849 538 equuS.

451 548 728 618 Vertitur
771 552 837 617 in
881 561 1160 618 teneram
1205 553 1431 619 cariem
1476 553 1771 639 rimisque
1816 554 2091 634 dehiscit,

537 653 710 740 siqua
754 654 861 720 diu
904 654 1097 720 solitis
1142 654 1360 721 cumba
1404 655 1641 721 vacabit
1684 656 1876 741 aquiS.

453 755 545 821 Me
589 776 831 842 quoque
874 756 1150 843 despera,
1195 757 1419 823 fuerim
1464 777 1603 825 cum
1645 778 1874 843 parvus
1919 762 1979 825 et
2022 769 2182 838 ante,

536 858 650 937 illi,
697 859 800 944 qui
847 858 1103 937 fueram,
1147 880 1325 945 posse
1368 859 1575 926 redire
1615 880 1850 945 parem.
2342 860 2426 928 30

450 959 741 1026 Contiidit
783 961 1100 1048 ingenium
1143 961 1438 1047 patientia
1482 964 1662 1049 longa
1706 965 2031 1042 malorum,

536 1074 599 1129 et
639 1084 783 1149 pars
825 1064 1064 1150 antiqui
1105 1066 1276 1131 nulla
1321 1064 1547 1151 vigoris
1591 1064 1778 1132 adest.
1856 1067 1862 1070 ’
2252 1119 2256 1127 .

451 1165 640 1251 Siqua
662 1175 867 1232 tamen
899 1166 1097 1245 nobiS,
1125 1176 1196 1234 ut
1225 1187 1391 1233 nunc
1420 1187 1682 1254 quoque,
1707 1177 1951 1254 sumpta
1974 1167 2197 1233 tabella
2219 1178 2329 1244 est,

538 1268 726 1353 inque
768 1289 907 1335 suos
951 1269 1117 1335 volui
1163 1289 1374 1355 cogere
1418 1268 1608 1335 verba
1650 1269 1857 1356 pedeS,

448 1371 721 1435 carmina
766 1372 936 1437 nulla
979 1370 1135 1436 mihi
1180 1381 1326 1437 sunt
1367 1371 1610 1457 scripta,
1656 1380 1763 1438 aut
1804 1371 2010 1457 qualia
2052 1371 2267 1449 cerniS‚
2343 1370 2424 1437 35

537 1471 720 1559 digna
764 1473 854 1538 sui
901 1472 1137 1539 domini
1181 1481 1479 1559 tempore,
1526 1473 1709 1560 digna
1752 1476 1901 1539 loco.

449 1573 730 1660 Denique
773 1595 900 1640 non
942 1595 1164 1661 parvas
1208 1574 1415 1640 animo
1460 1574 1565 1641 dat
1606 1575 1806 1662 gloria
1848 1576 2031 1653 vireS‚

537 1685 599 1742 et
641 1676 896 1743 fecunda
942 1677 1080 1743 facit
1121 1687 1364 1763 pectora
1409 1677 1609 1744 laudis
1651 1697 1843 1743 amor.

450 1777 725 1845 Nominis
767 1790 828 1846 et
871 1779 1068 1846 famae
1112 1779 1422 1866 quondam
1468 1780 1702 1868 fulgore
1747 1779 2057 1859 trahebar,

536 1881 684 1948 dum
729 1883 870 1948 tulit
913 1892 1232 1949 antemnas
1276 1887 1433 1949 aura
1474 1882 1740 1949 secunda
1782 1901 1967 1948 meas,
2339 1881 2428 1947 40

448 1982 580 2051 Non
625 1984 774 2051 adeo
817 1995 910 2052 est
950 1985 1109 2052 bene
1154 2006 1336 2065 nunc,
1382 1996 1450 2052 ut
1494 1985 1571 2051 sit
1615 1985 1771 2051 mihi
1815 1985 2014 2072 'gloria
2056 2003 2265 2051 curae:

536 2086 603 2152 si
630 2087 822 2166 liceat,
870 2088 1027 2154 nulli
1072 2089 1343 2175 cognitus
1388 2109 1520 2154 esse
1564 2088 1771 2154 velim.

451 2188 542 2254 An
587 2188 732 2276 quia
772 2199 1085 2258 cesserunt
1128 2191 1331 2277 primo
1374 2189 1535 2258 bene
1569 2189 1859 2269 carmina,
1885 2189 2101 2257 suades

537 2292 820 2371 scribere,
867 2314 1170 2360 successus
1214 2303 1282 2360 ut
1327 2314 1549 2379 sequar
1594 2293 1725 2380 ipse
1767 2298 1994 2360 meos?

384 2541 454 2585 25.
479 2541 704 2594 currit,
733 2541 863 2586 colla
891 2542 1243 2595 maggioranza
1273 2540 1353 2586 dei
1382 2540 1523 2586 codd.
1525 2554 1642 2598 ‚per
1665 2544 1848 2586 curret
1868 2540 1958 2585 che
1980 2539 2021 2586 si
2041 2541 2187 2594 legge
2217 2540 2423 2585 altrove.

275 2633 331 2641 —
360 2611 471 2665 qui
500 2610 541 2655 si
569 2609 794 2656 riferisce
824 2610 887 2655 ad
916 2624 1094 2667 equus

383 2682 450 2724 26.
479 2682 872 2735 carceribus,
899 2693 923 2725 ‹
941 2681 991 2727 la
1011 2681 1184 2727 sbarra
1203 2692 1242 2735 ›‚
1267 2680 1317 2726 di
1337 2680 1496 2726 dietro
1517 2681 1618 2725 alla
1638 2681 1785 2735 quale
1807 2653 2005 2725 restano
2026 2677 2218 2725 chiusi
2204 2694 2221 2723 1
2242 2679 2422 2724 cavalli

271 2762 369 2805 per
397 2750 448 2794 la
478 2763 635 2796 corsa.

384 2822 452 2865 27.
481 2824 783 2875 teneram,
810 2818 916 2865 cioe
944 2822 1183 2866 mollem:
1211 2834 1349 2874 3033.
1378 2819 1428 2865 di
1455 2821 1680 2866 vertitur
1708 2819 1735 2865 ὲ
1769 2821 1972 2865 cumba.

383 2892 451 2936 28.
476 2891 758 2945 vacabit,
799 2890 876 2935 coi
904 2890 1044 2936 codd.
1072 2890 1300 2947 migliori,
1326 2904 1419 2945 per
1445 2891 1654 2936 vacarit
1681 2890 1772 2936 che
1802 2890 1844 2935 si
1872 2890 2018 2943 legge
2048 2888 2252 2942 astrove,
2281 2900 2305 2932 ‹
2343 2902 2419 2933 re-

273 2960 413 3007 sterit
442 2960 741 3006 all'asciutto
769 2960 898 3005 sulla
925 2960 1034 3006 riva
1061 2971 1103 3004 ›.

383 3034 450 3077 29.
479 3031 656 3076 costi-‚2
684 3031 906 3086 despera
932 3044 1015 3075 me
1058 3043 1275 3086 quoque,
1318 3044 1441 3076 cum
1473 3031 1520 3086 f.
1561 3034 1609 3075 et
1651 3032 1774 3076 ante
1800 3043 1874 3085 Ρ..
1892 3041 2051 3084 posse
2085 3029 2196 3074 red.
2228 3041 2420 3084 parem

271 3103 365 3147 illi
392 3116 438 3157 q.
458 3102 503 3157 f.

382 3170 837 3227 31.patientia,
873 3183 898 3216 ‹
927 3170 962 3215 il
992 3170 1183 3216 soffrire
1211 3182 1251 3218 ›.

384 3244 451 3287 33.
477 3242 682 3296 siqua,
723 3241 800 3287 col
829 3241 1054 3296 Bentley,
1080 3254 1172 3296 per
1199 3254 1356 3297 saepe
1384 3241 1475 3286 che
1506 3241 1549 3286 si
1576 3241 1723 3294 legge
1751 3239 1833 3285 nei
1870 3238 2012 3285 codd.
2054 3262 2109 3270 —
2146 3239 2389 3284 tabella
2407 3268 2421 3288 ‚

275 3312 383 3358 scil.
409 3315 603 3366 cerata,
631 3311 681 3355 di
708 3311 789 3356 cui
817 3311 887 3364 gli
917 3311 1102 3356 antichi
1123 3310 1166 3356 si
1185 3311 1446 3357 servivano
1464 3323 1557 3365 per
1577 3311 1805 3364 scrivere,
1825 3308 2024 3364 quando
2052 3310 2195 3355 v’era
2214 3308 2421 3362 bisogno

275 3381 328 3426 di
359 3381 587 3427 continue
617 3382 967 3427 cancellat-ure.

383 3453 452 3496 34.
478 3464 707 3505 euoe‚·‹
737 3451 911 3506 adatti,
941 3451 1150 3497 stabiliti
1179 3462 1220 3498 ›-

384 3524 454 3567 35.
480 3522 575 3566 Per
602 3522 812 3567 lasciare
849 3522 1029 3568 intatta,
1066 3523 1116 3567 la
1154 3521 1344 3567 lezione
1382 3534 1540 3576 caepe
1576 3519 1657 3565 del
1694 3534 1738 3565 v.
1773 3521 1841 3575 33,
1876 3519 2238 3573 bisognerebbe
2271 3531 2420 3573 porro

270 3590 473 3638 innanzi
501 3606 531 3637 a
560 3594 804 3637 carmina
832 3606 898 3637 un
926 3594 1033 3638 sed.

381 3664 447 3708 37.
472 3662 720 3718 aleria,
759 3675 784 3707 ‹
811 3663 846 3707 il
875 3663 1184 3716 sentimento,
1213 3661 1249 3706 il
1277 3661 1508 3716 pensiero
1552 3660 1686 3706 della.
1727 3658 1888 3714 gloria
1929 3670 1970 3705 ›.
2012 3659 2110 3704 L'a.
2151 3658 2423 3712 immagina

267 3733 365 3779 cho
395 3736 572 3788 questo
600 3734 775 3787 parole
805 3732 874 3786 gli
903 3733 1041 3778 sieno
1069 3730 1356 3777 indirizzate
1386 3731 1471 3776 dal
1501 3744 1590 3776 suo
1619 3731 1794 3776 amico.

379 3806 446 3848 41.
473 3806 588 3859 est,
630 3803 734 3849 scil.
761 3804 906 3848 mihi.
933 3826 986 3836 —-
1013 3815 1236 3848 curae:
1263 3802 1314 3847 in
1344 3801 1434 3846 che
1464 3814 1581 3846 caso
1612 3800 1676 3846 e?

377 3875 446 3918 43.
474 3886 608 3919 cess
620 3877 824 3927 erunt,
850 3873 962 3918 vale
991 3876 1369 3927 successerunt,
1397 3885 1420 3916 ‹
1452 3872 1518 3916 mi
1546 3876 1826 3925 tornarono,
1856 3869 2129 3915 riuscirono
2159 3881 2199 3917 ›.

376 3946 446 3991 44.
472 3957 733 4001 sequar,
763 3957 788 3989 ‹
817 3943 1034 3989 continui
1063 3954 1101 3989 ›.
1130 3944 1276 3989 Tutto
1304 3943 1341 3988 il
1370 3942 1549 3988 distico
1577 3941 1642 3987 ha
1670 3954 1769 3986 una
1798 3943 1934 3985 certa
1962 3939 2137 3986 ironia.
