2840 4464
1154 265 1341 307 mnan
1378 267 1436 323 v,
1473 251 1519 309 1.
2308 251 2403 305 171

434 378 521 435 tot
562 371 723 434 mala
758 369 1146 455 pertulimuS‚
1194 390 1459 455 quorum
1500 355 1823 462 medicina
1848 370 2142 457 quiesque

519 472 691 536 nulla
734 471 851 536 nisi
898 472 963 536 in
1008 472 1208 538 studio
1252 483 1344 538 est
1387 471 1820 558 Pieridumque
1864 487 2055 540 mora.

451 602 475 629 α
500 573 647 657 Quis
679 573 812 651 tihi,
843 573 1016 652 Nam,
1045 574 1261 639 modus
1291 575 1595 640 lacrimosi
1620 574 1992 641 ca1·minis?»
2045 575 2277 662 inquis:
2324 575 2410 642 35

521 676 706 754 idem,
753 676 1031 742 fortunae
1077 677 1177 762 qui
1227 677 1446 743 modus
1493 677 1675 743 huius
1718 677 1854 743 erit.

436 778 609 862 Quod
653 794 896 864 querar,
945 779 1052 843 illa
1095 779 1250 843 mihi
1295 781 1483 864 pleno
1526 780 1602 845 de
1647 778 1815 844 fonte
1858 778 2184 857 ministrat,

523 899 633 945 nec
675 900 812 945 mea
857 890 1017 958 sunt,
1064 880 1169 945 fati
1214 881 1403 946 verba
1447 881 1553 946 sed
1599 880 1709 946 ista
1755 881 1894 946 mei.

434 981 508 1046 At
548 981 705 1047 mibi
745 982 797 1046 si
844 995 981 1047 cara
1025 982 1288 1068 patriam
1333 1002 1473 1048 eum
1517 983 1771 1069 coniuge
1817 982 2054 1060 reddaS‚

521 1083 643 1148 sint
687 1086 894 1150 vultus
940 1084 1185 1161 hilareS‚
1232 1084 1472 1170 simque
1503 1084 1667 1170 quod
1711 1094 1854 1152 ante
1898 1085 2004 1151 sui.
2327 1084 2416 1149 lto

433 1185 654 1251 Lenior
697 1180 907 1252 invicti
956 1186 1002 1250 si
1042 1187 1120 1251 sit
1163 1186 1319 1250 mihi
1367 1185 1640 1251 Caesaris
1686 1187 1797 1263 ira,

515 1287 788 1353 earmina
833 1287 1098 1353 laetitiae
1143 1287 1266 1352 iam
1312 1288 1423 1353 tibi
1469 1291 1653 1373 plena
1699 1289 1874 1354 dabo,

433 1387 551 1454 Nec
594 1399 817 1467 tamen,
863 1400 933 1455 ut
976 1390 1138 1467 lusit,
1187 1410 1400 1456 rursus
1445 1409 1581 1455 mea
1627 1390 1830 1456 littera
1861 1390 2060 1457 ludet:

519 1491 596 1556 sit
632 1493 819 1557 semel
861 1492 966 1556 illa
1012 1492 1139 1557 ioco
1183 1492 1490 1558 luxuriata
1533 1511 1689 1557 meo.

437 1592 610 1676 Quod
653 1593 872 1679 probet
895 1594 1044 1680 ipse,
1069 1613 1312 1673 canam3
1336 1613 1573 1679 poenae
1597 1593 1781 1658 modo
1811 1605 1988 1679 parte
2018 1596 2234 1673 levata,
2327 1595 2414 1659 [25

522 1695 871 1761 barbariem
917 1696 1141 1783 rigidos
1171 1696 1584 1782 effugiamque
1628 1695 1824 1762 Getas

436 1796 672 1863 Interea
717 1798 907 1862 nostri
955 1798 1101 1883 quid
1147 1807 1346 1885 agant,
1395 1798 1512 1863 nisi
1559 1798 1751 1876 triste,
1799 1798 2039 1864 libelli?

520 1899 668 1964 tibia
712 1899 1031 1966 funeribus
1075 1900 1362 1965 convenit
1406 1900 1519 1964 ista
1555 1899 1726 1965 meis,

451 2030 479 2058 α
523 2001 596 2066 At
637 2010 880 2088 poteras
924 2030 949 2058 ιι
1009 2001 1215 2087 inquis
1272 2030 1299 2058 «
1343 2002 1565 2068 melius
1609 2003 1771 2067 mala
1817 2001 1979 2068 serre
2022 2002 2281 2078 silend0‚

522 2114 582 2169 et
625 2105 838 2170 tacitus
881 2125 1052 2170 casus
1098 2104 1486 2170 dissimulare
1532 2113 1667 2170 tuos
1712 2134 1771 2168 ιι.
2328 2106 2415 2170 50

435 2205 658 2294 Exigis
703 2217 772 2274 ut
814 2207 969 2273 nulli
1014 2207 1274 2294 gemitus
1321 2216 1626 2273 tormenta
1670 2217 2024 2293 sequantur,

520 2320 882 2396 acceptoque
923 2311 1094 2397 gravi
1140 2313 1420 2386 vulnere,
1468 2311 1619 2376 flere
1661 2316 1867 2376 vetas?

434 2412 566 2497 lpse
612 2412 870 2479 Perilleo
917 2412 1193 2478 Phalaris
1235 2413 1518 2499 permisit
1563 2413 1628 2477 in
1675 2433 1815 2479 aere

518 2515 701 2581 edere
743 2516 1011 2603 mugitus
1055 2525 1115 2580 et
1160 2516 1334 2581 bovis
1378 2536 1484 2581 ore
1528 2516 1723 2602 queri.

373 2754 441 2797 34.
468 2765 671 2808 mora,
697 2767 722 2798 ‹
748 2754 884 2799 nella
912 2752 1283 2808 consuetudine,
1309 2752 1641 2798 noll’intimita
1669 2766 1762 2798 oon
1790 2754 1883 2800 le..
1901 2787 1911 2801 .
1946 2764 1986 2799 ›,

372 2843 439 2886 35.
467 2842 714 2895 modus,
741 2854 765 2885 ε
794 2840 1015 2895 termine,
1043 2841 1139 2886 fine
1167 2852 1207 2885 ›.

370 2930 441 2973 37.
470 2929 633 2984 quod
659 2941 920 2984 querar,
948 2943 973 2974 ‹
1001 2930 1019 2974 i
1047 2928 1163 2973 miei
1191 2926 1395 2974 lamenti
1424 2940 1452 2974 o
1482 2927 1677 2982 ragioni
1705 2927 1754 2973 di
1783 2928 1989 2973 dolermi
2009 2938 2050 2969 >.
2071 2951 2123 2959 -
2151 2928 2301 2983 illa,
2330 2941 2354 2972 ‹
2384 2927 2414 2973 e

263 2998 333 3044 lei
360 2999 451 3044 ehe
479 3010 519 3043 ›.

372 3089 440 3132 41.
464 3087 724 3142 invicti,
783 3099 807 3133 ‹
837 3086 1122 3132 invincibile
1152 3097 1191 3133 ›.

372 3177 440 3220 44.
466 3175 555 3220 sit
582 3187 647 3220 8..·
674 3187 699 3218 ‹
726 3174 873 3219 basta
900 3174 990 3220 ohe
1020 3187 1133 3219 essa
1161 3172 1311 3220 abbia
1337 3186 1438 3218 una
1466 3174 1602 3220 volta
1630 3174 1738 3218 sola
1757 3184 1862 3218 ›.·-
1889 3173 2022 3218 ioco
2052 3173 2419 3228 luxuriata,

263 3245 374 3291 vale
402 3245 624 3291 iocando
649 3245 820 3290 iustos
837 3246 977 3300 finos
1008 3245 1297 3290 eoeceoserit.
1332 3244 1402 3290 Le
1432 3244 1610 3290 lezioni
1642 3245 1749 3290 loeo
1778 3256 1807 3289 o
1835 3244 1997 3294 malo,
2025 3256 2117 3299 per
2142 3244 2264 3300 ioco,
2292 3258 2416 3289 sono

265 3314 657 3361 evidentemente
687 3313 829 3362 false.

369 3404 437 3447 45.
462 3404 624 3457 ipse,
655 3401 1064 3457 s0i1.Au9ustus.
1091 3425 1145 3434 —
1165 3414 1426 3458 poenae.
1454 3401 1624 3447 Oostm
1649 3402 1803 3448 modo
1826 3404 1869 3455 (‹
1887 3401 2074 3456 purohe
2093 3405 2135 3453 ›)
2166 3403 2418 3458 offuyiam

266 3472 575 3518 barbariam
611 3476 660 3517 et
694 3473 893 3527 riaidos
929 3472 1081 3526 (ossia
1119 3472 1339 3527 seroces)
1390 3472 1584 3526 Getas,
1623 3472 1798 3517 levata
1838 3476 1881 3522 (‹
1923 3473 2034 3518 eoll’
2053 3471 2328 3518 alleviat-mi
2372 3471 2418 3522 >)

253 3546 417 3597 parte
434 3555 653 3598 poenae.

366 3632 436 3675 47.
467 3631 745 3687 interea,
772 3630 879 3675 eioe
908 3637 1094 3676 mentre
1121 3629 1235 3677 vivo
1266 3643 1449 3676 ancora
1477 3629 1528 3675 in
1556 3629 1709 3675 Tomi.

367 3719 434 3764 48.
463 3718 656 3773 tibia,
684 3717 790 3763 eioo
826 3722 1031 3772 cantus,
1055 3717 1239 3771 perche
1268 3718 1348 3762 nei
1376 3717 1588 3763 funerali
1633 3729 1719 3762 era
1760 3720 1981 3772 appunto
2009 3716 2060 3761 in
2087 3728 2178 3762 uso
2221 3728 2413 3761 aoeom-

258 3801 482 3843 pugnare
511 3788 558 3834 le
587 3788 833 3835 cantilena
862 3789 939 3835 ool
968 3801 1124 3833 suono
1152 3788 1233 3833 del
1260 3788 1429 3833 flauto.

371 3877 437 3920 50.
465 3877 734 3930 tacitus,
762 3888 785 3919 ‹
812 3874 1023 3921 tacendo
1053 3885 1092 3919 ›.

367 3964 436 4008 53.
462 3962 775 4018 Perilleo,
803 3976 828 4007 ‹
856 3962 1109 4008 inventato
1138 3961 1202 4007 da
1230 3962 1413 4008 Perillo
1443 3973 1494 4016 >3
1524 3959 1610 4007 efr-
1639 3975 1685 4006 n.
1715 3963 1756 4015 3,
1783 3964 1850 4015 11,
1874 3962 1942 4005 40.
