<?xml version="1.0" encoding="UTF-8"?>
<!DOCTYPE html PUBLIC "-//W3C//DTD XHTML 1.0 Transitional//EN"
    "http://www.w3.org/TR/xhtml1/DTD/xhtml1-transitional.dtd">
<html xmlns="http://www.w3.org/1999/xhtml" xml:lang="en" lang="en">
 <head>
  <title>
</title>
<meta http-equiv="Content-Type" content="text/html;charset=utf-8" />
  <meta name='ocr-system' content='tesseract 3.04.00' />
  <meta name='ocr-capabilities' content='ocr_page ocr_carea ocr_par ocr_line ocrx_word'/>
</head>
<body>
  <div class='ocr_page' id='page_1' title='image "./povidinasonistr00enrigoog_0214.png"; bbox 0 0 2840 4464; ppageno 0'>
   <div class='ocr_carea' id='block_1_1' title="bbox 572 440 2556 732">
    <p class='ocr_par' dir='ltr' id='par_1_1' title="bbox 572 440 2556 732">
     <span class='ocr_line' id='line_1_1' title="bbox 654 440 2556 526; baseline 0.001 -21"><span class='ocrx_word' id='word_1_1' title='bbox 654 440 904 506; x_wconf 83' lang='lat' dir='ltr'>credere</span> <span class='ocrx_word' id='word_1_2' title='bbox 945 461 1046 506; x_wconf 92' lang='lat' dir='ltr'>me</span> <span class='ocrx_word' id='word_1_3' title='bbox 1090 440 1178 506; x_wconf 83' lang='lat' dir='ltr'>fas</span> <span class='ocrx_word' id='word_1_4' title='bbox 1221 450 1311 506; x_wconf 88' lang='lat' dir='ltr'>est</span> <span class='ocrx_word' id='word_1_5' title='bbox 1355 441 1616 526; x_wconf 81' lang='lat' dir='ltr'>pectoris</span> <span class='ocrx_word' id='word_1_6' title='bbox 1660 459 1790 507; x_wconf 91' lang='lat' dir='ltr'>esse</span> <span class='ocrx_word' id='word_1_7' title='bbox 1835 441 1943 506; x_wconf 87' lang='lat' dir='ltr'>tui.</span> <span class='ocrx_word' id='word_1_8' title='bbox 2464 442 2556 506; x_wconf 70' lang='lat'>20</span> 
     </span>
     <span class='ocr_line' id='line_1_2' title="bbox 572 540 2049 629; baseline 0 -23"><span class='ocrx_word' id='word_1_9' title='bbox 572 540 735 608; x_wconf 83' lang='lat' dir='ltr'>Cana</span> <span class='ocrx_word' id='word_1_10' title='bbox 776 542 949 628; x_wconf 85' lang='lat' dir='ltr'>prius</span> <span class='ocrx_word' id='word_1_11' title='bbox 991 542 1192 629; x_wconf 84' lang='lat' dir='ltr'>gelido</span> <span class='ocrx_word' id='word_1_12' title='bbox 1235 542 1439 609; x_wconf 82' lang='lat' dir='ltr'>desint</span> <span class='ocrx_word' id='word_1_13' title='bbox 1482 541 1791 609; x_wconf 82' lang='lat' dir='ltr'>absinthia</span> <span class='ocrx_word' id='word_1_14' title='bbox 1836 541 2049 620; x_wconf 89' lang='lat' dir='ltr'>Ponto,</span> 
     </span>
     <span class='ocr_line' id='line_1_3' title="bbox 656 644 2035 732; baseline -0.001 -22"><span class='ocrx_word' id='word_1_15' title='bbox 656 654 719 710; x_wconf 92' lang='lat' dir='ltr'>et</span> <span class='ocrx_word' id='word_1_16' title='bbox 759 654 958 711; x_wconf 82' lang='lat' dir='ltr'>careat</span> <span class='ocrx_word' id='word_1_17' title='bbox 1001 644 1162 711; x_wconf 87' lang='lat' dir='ltr'>dulci</span> <span class='ocrx_word' id='word_1_18' title='bbox 1208 645 1519 729; x_wconf 49' lang='lat' dir='ltr'>Trinacris</span> <span class='ocrx_word' id='word_1_19' title='bbox 1563 644 1760 732; x_wconf 57' lang='lat' dir='ltr'>Hyble‘t</span> <span class='ocrx_word' id='word_1_20' title='bbox 1801 645 2035 730; x_wconf 86' lang='lat' dir='ltr'>thym0‚</span> 
     </span>
    </p>
   </div>
   <div class='ocr_carea' id='block_1_2' title="bbox 572 745 2313 938">
    <p class='ocr_par' dir='ltr' id='par_1_2' title="bbox 572 745 2313 938">
     <span class='ocr_line' id='line_1_4' title="bbox 572 745 2313 834; baseline 0 -23"><span class='ocrx_word' id='word_1_21' title='bbox 572 747 1000 814; x_wconf 69' lang='lat' dir='ltr'>immemorem</span> <span class='ocrx_word' id='word_1_22' title='bbox 1045 767 1229 834; x_wconf 83' lang='lat' dir='ltr'>quam</span> <span class='ocrx_word' id='word_1_23' title='bbox 1274 758 1334 814; x_wconf 93' lang='lat' dir='ltr'>te</span> <span class='ocrx_word' id='word_1_24' title='bbox 1379 748 1703 834; x_wconf 85' lang='lat' dir='ltr'>quisquam</span> <span class='ocrx_word' id='word_1_25' title='bbox 1746 746 2064 813; x_wconf 86' lang='lat' dir='ltr'>convincat</span> <span class='ocrx_word' id='word_1_26' title='bbox 2107 745 2313 812; x_wconf 82' lang='lat' dir='ltr'>amici:</span> 
     </span>
     <span class='ocr_line' id='line_1_5' title="bbox 655 850 1956 938; baseline -0.001 -22"><span class='ocrx_word' id='word_1_27' title='bbox 655 871 778 917; x_wconf 91' lang='lat' dir='ltr'>non</span> <span class='ocrx_word' id='word_1_28' title='bbox 826 850 907 915; x_wconf 83' lang='lat' dir='ltr'>ita</span> <span class='ocrx_word' id='word_1_29' title='bbox 952 860 1096 917; x_wconf 89' lang='lat' dir='ltr'>sunt</span> <span class='ocrx_word' id='word_1_30' title='bbox 1138 850 1242 916; x_wconf 87' lang='lat' dir='ltr'>fati</span> <span class='ocrx_word' id='word_1_31' title='bbox 1289 851 1554 916; x_wconf 86' lang='lat' dir='ltr'>stamina</span> <span class='ocrx_word' id='word_1_32' title='bbox 1598 850 1773 938; x_wconf 84' lang='lat' dir='ltr'>nigra</span> <span class='ocrx_word' id='word_1_33' title='bbox 1816 851 1956 916; x_wconf 90' lang='lat' dir='ltr'>mei.</span> 
     </span>
    </p>
   </div>
   <div class='ocr_carea' id='block_1_3' title="bbox 568 952 2550 1438">
    <p class='ocr_par' dir='ltr' id='par_1_3' title="bbox 568 952 2550 1140">
     <span class='ocr_line' id='line_1_6' title="bbox 568 952 2550 1039; baseline 0 -23"><span class='ocrx_word' id='word_1_34' title='bbox 568 952 659 1019; x_wconf 91' lang='lat' dir='ltr'>Tu</span> <span class='ocrx_word' id='word_1_35' title='bbox 702 963 929 1031; x_wconf 85' lang='lat' dir='ltr'>tamen,</span> <span class='ocrx_word' id='word_1_36' title='bbox 974 962 1043 1019; x_wconf 88' lang='lat' dir='ltr'>ut</span> <span class='ocrx_word' id='word_1_37' title='bbox 1085 953 1280 1039; x_wconf 89' lang='lat' dir='ltr'>possis</span> <span class='ocrx_word' id='word_1_38' title='bbox 1325 953 1511 1019; x_wconf 82' lang='lat' dir='ltr'>falsae</span> <span class='ocrx_word' id='word_1_39' title='bbox 1554 972 1797 1038; x_wconf 87' lang='lat' dir='ltr'>quoque</span> <span class='ocrx_word' id='word_1_40' title='bbox 1840 954 2073 1037; x_wconf 74' lang='lat' dir='ltr'>pellere</span> <span class='ocrx_word' id='word_1_41' title='bbox 2117 953 2330 1038; x_wconf 84' lang='lat' dir='ltr'>culpae</span> <span class='ocrx_word' id='word_1_42' title='bbox 2463 952 2550 1016; x_wconf 71' lang='lat'>25</span> 
     </span>
     <span class='ocr_line' id='line_1_7' title="bbox 653 1055 2059 1140; baseline 0 -21"><span class='ocrx_word' id='word_1_43' title='bbox 653 1055 930 1133; x_wconf 82' lang='lat' dir='ltr'>crimina,</span> <span class='ocrx_word' id='word_1_44' title='bbox 975 1055 1138 1140; x_wconf 89' lang='lat' dir='ltr'>quod</span> <span class='ocrx_word' id='word_1_45' title='bbox 1182 1076 1306 1121; x_wconf 91' lang='lat' dir='ltr'>non</span> <span class='ocrx_word' id='word_1_46' title='bbox 1352 1076 1416 1121; x_wconf 92' lang='lat' dir='ltr'>es</span> <span class='ocrx_word' id='word_1_47' title='bbox 1461 1076 1541 1121; x_wconf 90' lang='lat' dir='ltr'>ne</span> <span class='ocrx_word' id='word_1_48' title='bbox 1584 1056 1849 1132; x_wconf 81' lang='lat' dir='ltr'><strong>videare,</strong></span> <span class='ocrx_word' id='word_1_49' title='bbox 1895 1074 2059 1120; x_wconf 83' lang='lat' dir='ltr'>cave.</span> 
     </span>
    </p>

    <p class='ocr_par' dir='ltr' id='par_1_4' title="bbox 572 1156 2133 1346">
     <span class='ocr_line' id='line_1_8' title="bbox 572 1156 2133 1244; baseline -0.001 -21"><span class='ocrx_word' id='word_1_50' title='bbox 572 1156 767 1243; x_wconf 86' lang='lat' dir='ltr'>thue</span> <span class='ocrx_word' id='word_1_51' title='bbox 809 1157 1152 1224; x_wconf 81' lang='lat' dir='ltr'><strong>solebamus</strong></span> <span class='ocrx_word' id='word_1_52' title='bbox 1196 1178 1555 1224; x_wconf 80' lang='lat' dir='ltr'><strong>consumere</strong></span> <span class='ocrx_word' id='word_1_53' title='bbox 1598 1160 1784 1244; x_wconf 58' lang='lat' dir='ltr'>longe,</span> <span class='ocrx_word' id='word_1_54' title='bbox 1828 1157 2133 1242; x_wconf 90' lang='lat' dir='ltr'>loquendo</span> 
     </span>
     <span class='ocr_line' id='line_1_9' title="bbox 656 1260 1796 1346; baseline 0.002 -22"><span class='ocrx_word' id='word_1_55' title='bbox 656 1270 950 1346; x_wconf 83' lang='lat' dir='ltr'>tempora,</span> <span class='ocrx_word' id='word_1_56' title='bbox 997 1261 1264 1326; x_wconf 86' lang='lat' dir='ltr'>sermoni</span> <span class='ocrx_word' id='word_1_57' title='bbox 1310 1260 1633 1327; x_wconf 86' lang='lat' dir='ltr'>deficiente</span> <span class='ocrx_word' id='word_1_58' title='bbox 1677 1260 1796 1338; x_wconf 91' lang='lat' dir='ltr'>die,</span> 
     </span>
    </p>

    <p class='ocr_par' dir='ltr' id='par_1_5' title="bbox 571 1361 2169 1438">
     <span class='ocr_line' id='line_1_10' title="bbox 571 1361 2169 1438; baseline -0.001 -11"><span class='ocrx_word' id='word_1_59' title='bbox 571 1361 653 1428; x_wconf 89' lang='lat' dir='ltr'>sic</span> <span class='ocrx_word' id='word_1_60' title='bbox 697 1361 851 1427; x_wconf 83' lang='lat' dir='ltr'>ferat</span> <span class='ocrx_word' id='word_1_61' title='bbox 886 1383 954 1428; x_wconf 86' lang='lat' dir='ltr'>ac</span> <span class='ocrx_word' id='word_1_62' title='bbox 994 1363 1221 1429; x_wconf 82' lang='lat' dir='ltr'>referat</span> <span class='ocrx_word' id='word_1_63' title='bbox 1263 1363 1472 1429; x_wconf 86' lang='lat' dir='ltr'>tacitas</span> <span class='ocrx_word' id='word_1_64' title='bbox 1520 1383 1683 1429; x_wconf 90' lang='lat' dir='ltr'>nunc</span> <span class='ocrx_word' id='word_1_65' title='bbox 1725 1363 1933 1428; x_wconf 58' lang='lat' dir='ltr'>litter-zi</span> <span class='ocrx_word' id='word_1_66' title='bbox 1977 1381 2169 1438; x_wconf 80' lang='lat' dir='ltr'>voceS,</span> 
     </span>
    </p>
   </div>
   <div class='ocr_carea' id='block_1_4' title="bbox 568 1463 2551 1960">
    <p class='ocr_par' dir='ltr' id='par_1_6' title="bbox 568 1463 2551 1651">
     <span class='ocr_line' id='line_1_11' title="bbox 654 1463 2551 1552; baseline -0.002 -21"><span class='ocrx_word' id='word_1_67' title='bbox 654 1474 715 1531; x_wconf 86' lang='lat' dir='ltr'>et</span> <span class='ocrx_word' id='word_1_68' title='bbox 756 1471 1056 1552; x_wconf 52' lang='lat' dir='ltr'>peregant</span> <span class='ocrx_word' id='word_1_69' title='bbox 1100 1466 1348 1551; x_wconf 83' lang='lat' dir='ltr'><strong>linguae</strong></span> <span class='ocrx_word' id='word_1_70' title='bbox 1392 1467 1602 1531; x_wconf 82' lang='lat' dir='ltr'>charta</span> <span class='ocrx_word' id='word_1_71' title='bbox 1647 1485 1986 1550; x_wconf 81' lang='lat' dir='ltr'>manusque</span> <span class='ocrx_word' id='word_1_72' title='bbox 2029 1464 2207 1528; x_wconf 75' lang='lat' dir='ltr'>vices,</span> <span class='ocrx_word' id='word_1_73' title='bbox 2462 1463 2551 1529; x_wconf 86' lang='lat'>30</span> 
     </span>
     <span class='ocr_line' id='line_1_12' title="bbox 568 1566 2191 1651; baseline -0.001 -18"><span class='ocrx_word' id='word_1_74' title='bbox 568 1567 743 1650; x_wconf 84' lang='lat' dir='ltr'>Quod</span> <span class='ocrx_word' id='word_1_75' title='bbox 787 1567 914 1633; x_wconf 85' lang='lat' dir='ltr'>fore</span> <span class='ocrx_word' id='word_1_76' title='bbox 959 1588 1039 1633; x_wconf 90' lang='lat' dir='ltr'>ne</span> <span class='ocrx_word' id='word_1_77' title='bbox 1082 1567 1346 1634; x_wconf 90' lang='lat' dir='ltr'>nimium</span> <span class='ocrx_word' id='word_1_78' title='bbox 1390 1567 1606 1633; x_wconf 83' lang='lat' dir='ltr'>videar</span> <span class='ocrx_word' id='word_1_79' title='bbox 1649 1567 1947 1643; x_wconf 83' lang='lat' dir='ltr'>diffidere,</span> <span class='ocrx_word' id='word_1_80' title='bbox 1995 1566 2191 1651; x_wconf 86' lang='lat' dir='ltr'>sitque</span> 
     </span>
    </p>

    <p class='ocr_par' dir='ltr' id='par_1_7' title="bbox 572 1670 2070 1858">
     <span class='ocr_line' id='line_1_13' title="bbox 654 1670 1979 1756; baseline -0.001 -22"><span class='ocrx_word' id='word_1_81' title='bbox 654 1670 931 1735; x_wconf 88' lang='lat' dir='ltr'>versibus</span> <span class='ocrx_word' id='word_1_82' title='bbox 978 1670 1090 1737; x_wconf 87' lang='lat' dir='ltr'>hoc</span> <span class='ocrx_word' id='word_1_83' title='bbox 1134 1671 1339 1756; x_wconf 83' lang='lat' dir='ltr'>paucis</span> <span class='ocrx_word' id='word_1_84' title='bbox 1385 1670 1773 1736; x_wconf 83' lang='lat' dir='ltr'>admonuisse</span> <span class='ocrx_word' id='word_1_85' title='bbox 1817 1670 1979 1746; x_wconf 83' lang='lat' dir='ltr'>satiS,</span> 
     </span>
     <span class='ocr_line' id='line_1_14' title="bbox 572 1771 2070 1858; baseline 0 -22"><span class='ocrx_word' id='word_1_86' title='bbox 572 1771 795 1857; x_wconf 65' lang='lat' dir='ltr'>accipe,</span> <span class='ocrx_word' id='word_1_87' title='bbox 842 1792 963 1857; x_wconf 89' lang='lat' dir='ltr'>quo</span> <span class='ocrx_word' id='word_1_88' title='bbox 1007 1792 1250 1858; x_wconf 86' lang='lat' dir='ltr'>semper</span> <span class='ocrx_word' id='word_1_89' title='bbox 1296 1772 1513 1839; x_wconf 83' lang='lat' dir='ltr'>finitur</span> <span class='ocrx_word' id='word_1_90' title='bbox 1557 1772 1816 1858; x_wconf 85' lang='lat' dir='ltr'>epistula</span> <span class='ocrx_word' id='word_1_91' title='bbox 1863 1771 2070 1848; x_wconf 88' lang='lat' dir='ltr'>verbo,</span> 
     </span>
    </p>

    <p class='ocr_par' dir='ltr' id='par_1_8' title="bbox 652 1874 1993 1960">
     <span class='ocr_line' id='line_1_15' title="bbox 652 1874 1993 1960; baseline -0.001 -21"><span class='ocrx_word' id='word_1_92' title='bbox 652 1884 852 1960; x_wconf 85' lang='lat' dir='ltr'>atque,</span> <span class='ocrx_word' id='word_1_93' title='bbox 900 1875 1054 1940; x_wconf 89' lang='lat' dir='ltr'>meis</span> <span class='ocrx_word' id='word_1_94' title='bbox 1099 1875 1327 1941; x_wconf 88' lang='lat' dir='ltr'>distent</span> <span class='ocrx_word' id='word_1_95' title='bbox 1370 1884 1440 1941; x_wconf 94' lang='lat' dir='ltr'>ut</span> <span class='ocrx_word' id='word_1_96' title='bbox 1484 1885 1587 1941; x_wconf 83' lang='lat' dir='ltr'>tua</span> <span class='ocrx_word' id='word_1_97' title='bbox 1631 1874 1771 1953; x_wconf 86' lang='lat' dir='ltr'>fata,</span> <span class='ocrx_word' id='word_1_98' title='bbox 1818 1875 1993 1939; x_wconf 84' lang='lat' dir='ltr'>vale!</span> 
     </span>
    </p>
   </div>
   <div class='ocr_carea' id='block_1_5' title="bbox 401 2159 2547 2277">
    <p class='ocr_par' dir='ltr' id='par_1_9' title="bbox 401 2159 2547 2277">
     <span class='ocr_line' id='line_1_16' title="bbox 509 2159 2547 2216; baseline 0 -13"><span class='ocrx_word' id='word_1_99' title='bbox 509 2161 574 2204; x_wconf 89' lang='grc'>19.</span> <span class='ocrx_word' id='word_1_100' title='bbox 601 2161 765 2214; x_wconf 79' lang='lat' dir='ltr'>quod</span> <span class='ocrx_word' id='word_1_101' title='bbox 795 2173 1058 2216; x_wconf 76' lang='lat' dir='ltr'>precor,</span> <span class='ocrx_word' id='word_1_102' title='bbox 1086 2161 1190 2206; x_wconf 85' lang='lat' dir='ltr'>soil.</span> <span class='ocrx_word' id='word_1_103' title='bbox 1219 2164 1278 2206; x_wconf 81' lang='lat' dir='ltr'>ut</span> <span class='ocrx_word' id='word_1_104' title='bbox 1308 2165 1499 2206; x_wconf 80' lang='lat' dir='ltr'>temere</span> <span class='ocrx_word' id='word_1_105' title='bbox 1527 2161 1590 2205; x_wconf 81' lang='lat' dir='ltr'>de</span> <span class='ocrx_word' id='word_1_106' title='bbox 1618 2165 1667 2206; x_wconf 80' lang='lat' dir='ltr'>te</span> <span class='ocrx_word' id='word_1_107' title='bbox 1694 2173 1905 2216; x_wconf 81' lang='lat' dir='ltr'>querar.</span> <span class='ocrx_word' id='word_1_108' title='bbox 1925 2184 1977 2191; x_wconf 92' lang='lat'><em>-</em></span> <span class='ocrx_word' id='word_1_109' title='bbox 2005 2173 2168 2215; x_wconf 74' lang='lat' dir='ltr'>esee,</span> <span class='ocrx_word' id='word_1_110' title='bbox 2195 2173 2218 2204; x_wconf 95' lang='lat'>‹</span> <span class='ocrx_word' id='word_1_111' title='bbox 2257 2159 2345 2204; x_wconf 86' lang='lat' dir='ltr'>che</span> <span class='ocrx_word' id='word_1_112' title='bbox 2378 2159 2547 2205; x_wconf 76' lang='lat' dir='ltr'>debba</span> 
     </span>
     <span class='ocr_line' id='line_1_17' title="bbox 401 2230 1039 2277; baseline 0.003 -2"><span class='ocrx_word' id='word_1_113' title='bbox 401 2244 540 2276; x_wconf 86' lang='lat' dir='ltr'>esser</span> <span class='ocrx_word' id='word_1_114' title='bbox 569 2230 673 2277; x_wconf 72' lang='lat' dir='ltr'>cosi</span> <span class='ocrx_word' id='word_1_115' title='bbox 701 2231 972 2277; x_wconf 80' lang='lat' dir='ltr'>realmente</span> <span class='ocrx_word' id='word_1_116' title='bbox 1000 2244 1039 2277; x_wconf 89' lang='lat'>›.</span> 
     </span>
    </p>
   </div>
   <div class='ocr_carea' id='block_1_6' title="bbox 393 2300 2548 2710">
    <p class='ocr_par' dir='ltr' id='par_1_10' title="bbox 395 2300 2548 2497">
     <span class='ocr_line' id='line_1_18' title="bbox 507 2300 2548 2365; baseline 0 -19"><span class='ocrx_word' id='word_1_117' title='bbox 507 2304 574 2347; x_wconf 88' lang='lat'>21.</span> <span class='ocrx_word' id='word_1_118' title='bbox 601 2316 765 2348; x_wconf 82' lang='lat' dir='ltr'>cana</span> <span class='ocrx_word' id='word_1_119' title='bbox 795 2304 1022 2359; x_wconf 77' lang='lat' dir='ltr'>prius:</span> <span class='ocrx_word' id='word_1_120' title='bbox 1050 2316 1225 2347; x_wconf 82' lang='lat' dir='ltr'><strong>verran</strong></span> <span class='ocrx_word' id='word_1_121' title='bbox 1254 2302 1417 2365; x_wconf 68' lang='lat' dir='ltr'>prime.</span> <span class='ocrx_word' id='word_1_122' title='bbox 1445 2316 1587 2348; x_wconf 87' lang='lat' dir='ltr'>meno</span> <span class='ocrx_word' id='word_1_123' title='bbox 1617 2302 1685 2355; x_wconf 77' lang='lat' dir='ltr'>gli</span> <span class='ocrx_word' id='word_1_124' title='bbox 1707 2302 1917 2347; x_wconf 82' lang='lat' dir='ltr'>assenzii</span> <span class='ocrx_word' id='word_1_125' title='bbox 1950 2302 2074 2346; x_wconf 88' lang='lat' dir='ltr'>colle</span> <span class='ocrx_word' id='word_1_126' title='bbox 2104 2301 2256 2354; x_wconf 76' lang='lat' dir='ltr'>foglie</span> <span class='ocrx_word' id='word_1_127' title='bbox 2275 2300 2548 2355; x_wconf 81' lang='lat' dir='ltr'>biancheg-</span> 
     </span>
     <span class='ocr_line' id='line_1_19' title="bbox 395 2371 2543 2428; baseline 0 -12"><span class='ocrx_word' id='word_1_128' title='bbox 395 2372 558 2425; x_wconf 79' lang='lat' dir='ltr'>gianti</span> <span class='ocrx_word' id='word_1_129' title='bbox 588 2373 689 2418; x_wconf 75' lang='lat' dir='ltr'>alla</span> <span class='ocrx_word' id='word_1_130' title='bbox 716 2373 892 2419; x_wconf 78' lang='lat' dir='ltr'>fredda</span> <span class='ocrx_word' id='word_1_131' title='bbox 918 2374 1122 2427; x_wconf 78' lang='lat' dir='ltr'>regione</span> <span class='ocrx_word' id='word_1_132' title='bbox 1151 2373 1230 2418; x_wconf 86' lang='lat' dir='ltr'>del</span> <span class='ocrx_word' id='word_1_133' title='bbox 1261 2373 1435 2428; x_wconf 89' lang='lat' dir='ltr'>Ponto,</span> <span class='ocrx_word' id='word_1_134' title='bbox 1476 2387 1503 2418; x_wconf 90' lang='lat' dir='ltr'><strong>e</strong></span> <span class='ocrx_word' id='word_1_135' title='bbox 1545 2374 1707 2427; x_wconf 83' lang='lat' dir='ltr'>prima</span> <span class='ocrx_word' id='word_1_136' title='bbox 1748 2373 1850 2418; x_wconf 83' lang='lat' dir='ltr'>alla</span> <span class='ocrx_word' id='word_1_137' title='bbox 1891 2371 2117 2417; x_wconf 80' lang='lat' dir='ltr'>siciliana</span> <span class='ocrx_word' id='word_1_138' title='bbox 2157 2372 2267 2417; x_wconf 78' lang='lat' dir='ltr'>Ibla</span> <span class='ocrx_word' id='word_1_139' title='bbox 2305 2371 2464 2422; x_wconf 64' lang='lat' dir='ltr'>(uitta)</span> <span class='ocrx_word' id='word_1_140' title='bbox 2510 2373 2543 2417; x_wconf 91' lang='lat' dir='ltr'>il</span> 
     </span>
     <span class='ocr_line' id='line_1_20' title="bbox 403 2442 2009 2497; baseline -0.001 -10"><span class='ocrx_word' id='word_1_141' title='bbox 403 2442 544 2488; x_wconf 83' lang='lat' dir='ltr'>dolce</span> <span class='ocrx_word' id='word_1_142' title='bbox 573 2443 710 2496; x_wconf 84' lang='lat' dir='ltr'>timo,</span> <span class='ocrx_word' id='word_1_143' title='bbox 738 2443 771 2487; x_wconf 93' lang='lat' dir='ltr'>il</span> <span class='ocrx_word' id='word_1_144' title='bbox 801 2443 919 2489; x_wconf 87' lang='lat' dir='ltr'>timo</span> <span class='ocrx_word' id='word_1_145' title='bbox 949 2444 1014 2488; x_wconf 83' lang='lat' dir='ltr'>da</span> <span class='ocrx_word' id='word_1_146' title='bbox 1042 2444 1121 2488; x_wconf 85' lang='lat' dir='ltr'>cui</span> <span class='ocrx_word' id='word_1_147' title='bbox 1150 2447 1394 2497; x_wconf 77' lang='lat' dir='ltr'>traggono</span> <span class='ocrx_word' id='word_1_148' title='bbox 1425 2443 1472 2487; x_wconf 90' lang='lat' dir='ltr'>le</span> <span class='ocrx_word' id='word_1_149' title='bbox 1504 2443 1586 2497; x_wconf 79' lang='lat' dir='ltr'>api</span> <span class='ocrx_word' id='word_1_150' title='bbox 1617 2442 1650 2486; x_wconf 91' lang='lat' dir='ltr'>il</span> <span class='ocrx_word' id='word_1_151' title='bbox 1681 2442 1820 2488; x_wconf 88' lang='lat' dir='ltr'>dolce</span> <span class='ocrx_word' id='word_1_152' title='bbox 1850 2442 2009 2486; x_wconf 88' lang='lat' dir='ltr'>miele.</span> 
     </span>
    </p>

    <p class='ocr_par' dir='ltr' id='par_1_11' title="bbox 393 2511 2545 2640">
     <span class='ocr_line' id='line_1_21' title="bbox 501 2511 2543 2566; baseline -0 -8"><span class='ocrx_word' id='word_1_153' title='bbox 501 2516 567 2559; x_wconf 92' lang='lat'>22.</span> <span class='ocrx_word' id='word_1_154' title='bbox 595 2514 952 2566; x_wconf 77' lang='lat' dir='ltr'>Trinacris,</span> <span class='ocrx_word' id='word_1_155' title='bbox 972 2513 1104 2560; x_wconf 80' lang='lat' dir='ltr'>ossia</span> <span class='ocrx_word' id='word_1_156' title='bbox 1117 2514 1327 2559; x_wconf 79' lang='lat' dir='ltr'>Sicula:</span> <span class='ocrx_word' id='word_1_157' title='bbox 1341 2514 1390 2558; x_wconf 84' lang='lat' dir='ltr'>la</span> <span class='ocrx_word' id='word_1_158' title='bbox 1406 2512 1572 2558; x_wconf 81' lang='lat' dir='ltr'>Sicilia</span> <span class='ocrx_word' id='word_1_159' title='bbox 1592 2512 1650 2557; x_wconf 88' lang='lat' dir='ltr'>fu&#39;</span> <span class='ocrx_word' id='word_1_160' title='bbox 1661 2513 1798 2558; x_wconf 84' lang='lat' dir='ltr'>detta</span> <span class='ocrx_word' id='word_1_161' title='bbox 1823 2512 2109 2558; x_wconf 80' lang='lat' dir='ltr'>Trinacria</span> <span class='ocrx_word' id='word_1_162' title='bbox 2123 2511 2205 2557; x_wconf 84' lang='lat' dir='ltr'>dai</span> <span class='ocrx_word' id='word_1_163' title='bbox 2222 2516 2295 2557; x_wconf 86' lang='lat' dir='ltr'>tre</span> <span class='ocrx_word' id='word_1_164' title='bbox 2310 2525 2543 2566; x_wconf 86' lang='lat' dir='ltr'>promon-</span> 
     </span>
     <span class='ocr_line' id='line_1_22' title="bbox 393 2582 2545 2640; baseline 0 -12"><span class='ocrx_word' id='word_1_165' title='bbox 393 2585 509 2629; x_wconf 82' lang='lat' dir='ltr'>torii</span> <span class='ocrx_word' id='word_1_166' title='bbox 538 2584 588 2629; x_wconf 85' lang='lat' dir='ltr'>di</span> <span class='ocrx_word' id='word_1_167' title='bbox 615 2585 805 2640; x_wconf 88' lang='lat' dir='ltr'>Pelor0‚</span> <span class='ocrx_word' id='word_1_168' title='bbox 832 2584 1047 2630; x_wconf 83' lang='lat' dir='ltr'>Paehino</span> <span class='ocrx_word' id='word_1_169' title='bbox 1077 2596 1104 2630; x_wconf 89' lang='lat' dir='ltr'>e</span> <span class='ocrx_word' id='word_1_170' title='bbox 1133 2584 1338 2636; x_wconf 89' lang='lat' dir='ltr'>Lilibeo,</span> <span class='ocrx_word' id='word_1_171' title='bbox 1369 2598 1395 2627; x_wconf 90' lang='lat' dir='ltr'>e</span> <span class='ocrx_word' id='word_1_172' title='bbox 1434 2583 1719 2638; x_wconf 76' lang='lat' dir='ltr'>Triquetra</span> <span class='ocrx_word' id='word_1_173' title='bbox 1749 2582 1883 2628; x_wconf 80' lang='lat' dir='ltr'>dalla</span> <span class='ocrx_word' id='word_1_174' title='bbox 1912 2596 2003 2627; x_wconf 83' lang='lat' dir='ltr'>sua</span> <span class='ocrx_word' id='word_1_175' title='bbox 2030 2582 2188 2627; x_wconf 77' lang='lat' dir='ltr'>forma</span> <span class='ocrx_word' id='word_1_176' title='bbox 2216 2582 2545 2635; x_wconf 76' lang='lat' dir='ltr'>triangolaro.</span> 
     </span>
    </p>

    <p class='ocr_par' dir='ltr' id='par_1_12' title="bbox 505 2653 1995 2710">
     <span class='ocr_line' id='line_1_23' title="bbox 505 2653 1995 2710; baseline -0.001 -10"><span class='ocrx_word' id='word_1_177' title='bbox 505 2658 572 2702; x_wconf 87' lang='lat'>23.</span> <span class='ocrx_word' id='word_1_178' title='bbox 601 2656 962 2710; x_wconf 79' lang='lat' dir='ltr'>convincat,</span> <span class='ocrx_word' id='word_1_179' title='bbox 991 2668 1016 2700; x_wconf 88' lang='lat'>‹</span> <span class='ocrx_word' id='word_1_180' title='bbox 1043 2654 1081 2699; x_wconf 84' lang='lat' dir='ltr'>ti</span> <span class='ocrx_word' id='word_1_181' title='bbox 1109 2668 1261 2710; x_wconf 82' lang='lat' dir='ltr'>possa</span> <span class='ocrx_word' id='word_1_182' title='bbox 1291 2667 1526 2699; x_wconf 80' lang='lat' dir='ltr'>accusare</span> <span class='ocrx_word' id='word_1_183' title='bbox 1556 2667 1585 2699; x_wconf 93' lang='lat' dir='ltr'>o</span> <span class='ocrx_word' id='word_1_184' title='bbox 1614 2653 1928 2699; x_wconf 79' lang='lat' dir='ltr'>condannare</span> <span class='ocrx_word' id='word_1_185' title='bbox 1957 2664 1995 2698; x_wconf 87' lang='lat'>›.</span> 
     </span>
    </p>
   </div>
   <div class='ocr_carea' id='block_1_7' title="bbox 401 2722 2543 2841">
    <p class='ocr_par' dir='ltr' id='par_1_13' title="bbox 401 2722 2543 2841">
     <span class='ocr_line' id='line_1_24' title="bbox 505 2722 2543 2783; baseline -0.001 -13"><span class='ocrx_word' id='word_1_186' title='bbox 505 2729 574 2770; x_wconf 87' lang='lat'>24.</span> <span class='ocrx_word' id='word_1_187' title='bbox 603 2726 823 2783; x_wconf 75' lang='lat' dir='ltr'><strong><em>niara,</em></strong></span> <span class='ocrx_word' id='word_1_188' title='bbox 865 2737 889 2769; x_wconf 89' lang='lat'>‹</span> <span class='ocrx_word' id='word_1_189' title='bbox 918 2725 1112 2770; x_wconf 84' lang='lat' dir='ltr'>avversi</span> <span class='ocrx_word' id='word_1_190' title='bbox 1140 2736 1181 2770; x_wconf 89' lang='lat'>›.</span> <span class='ocrx_word' id='word_1_191' title='bbox 1209 2748 1261 2756; x_wconf 92' lang='lat'>—</span> <span class='ocrx_word' id='word_1_192' title='bbox 1288 2724 1607 2778; x_wconf 76' lang='lat' dir='ltr'>stamina,</span> <span class='ocrx_word' id='word_1_193' title='bbox 1644 2737 1667 2768; x_wconf 95' lang='lat'>‹</span> <span class='ocrx_word' id='word_1_194' title='bbox 1698 2724 1768 2776; x_wconf 77' lang='lat' dir='ltr'>gli</span> <span class='ocrx_word' id='word_1_195' title='bbox 1798 2723 1941 2768; x_wconf 83' lang='lat' dir='ltr'>stami</span> <span class='ocrx_word' id='word_1_196' title='bbox 1970 2734 2009 2777; x_wconf 89' lang='lat'>›‚</span> <span class='ocrx_word' id='word_1_197' title='bbox 2037 2723 2127 2768; x_wconf 84' lang='lat' dir='ltr'>ohe</span> <span class='ocrx_word' id='word_1_198' title='bbox 2166 2722 2313 2768; x_wconf 79' lang='lat' dir='ltr'>fllano</span> <span class='ocrx_word' id='word_1_199' title='bbox 2340 2735 2434 2777; x_wconf 84' lang='lat' dir='ltr'>per</span> <span class='ocrx_word' id='word_1_200' title='bbox 2463 2738 2543 2769; x_wconf 86' lang='lat' dir='ltr'>me</span> 
     </span>
     <span class='ocr_line' id='line_1_25' title="bbox 401 2796 681 2841; baseline 0.004 -1"><span class='ocrx_word' id='word_1_201' title='bbox 401 2796 447 2841; x_wconf 89' lang='lat' dir='ltr'>le</span> <span class='ocrx_word' id='word_1_202' title='bbox 479 2796 681 2841; x_wconf 80' lang='lat' dir='ltr'>Parche.</span> 
     </span>
    </p>
   </div>
   <div class='ocr_carea' id='block_1_8' title="bbox 505 2862 2327 2921">
    <p class='ocr_par' dir='ltr' id='par_1_14' title="bbox 505 2862 2327 2921">
     <span class='ocr_line' id='line_1_26' title="bbox 505 2862 2327 2921; baseline -0.001 -10"><span class='ocrx_word' id='word_1_203' title='bbox 505 2869 573 2912; x_wconf 84' lang='lat'>28.</span> <span class='ocrx_word' id='word_1_204' title='bbox 601 2867 896 2921; x_wconf 72' lang='lat' dir='ltr'>sermoni,</span> <span class='ocrx_word' id='word_1_205' title='bbox 920 2880 1012 2921; x_wconf 83' lang='lat' dir='ltr'>per</span> <span class='ocrx_word' id='word_1_206' title='bbox 1037 2878 1288 2919; x_wconf 74' lang='lat' dir='ltr'>sermo—ne,</span> <span class='ocrx_word' id='word_1_207' title='bbox 1318 2865 1397 2911; x_wconf 87' lang='lat' dir='ltr'>del</span> <span class='ocrx_word' id='word_1_208' title='bbox 1428 2864 1486 2910; x_wconf 83' lang='lat' dir='ltr'>G.</span> <span class='ocrx_word' id='word_1_209' title='bbox 1515 2879 1541 2910; x_wconf 88' lang='lat' dir='ltr'>e</span> <span class='ocrx_word' id='word_1_210' title='bbox 1563 2865 1643 2910; x_wconf 81' lang='lat' dir='ltr'>V.:</span> <span class='ocrx_word' id='word_1_211' title='bbox 1673 2865 1783 2909; x_wconf 82' lang='lat' dir='ltr'>altri</span> <span class='ocrx_word' id='word_1_212' title='bbox 1815 2862 2162 2909; x_wconf 84' lang='lat' dir='ltr'>sostituisoono</span> <span class='ocrx_word' id='word_1_213' title='bbox 2191 2863 2327 2909; x_wconf 81' lang='lat' dir='ltr'>Pace.</span> 
     </span>
    </p>
   </div>
   <div class='ocr_carea' id='block_1_9' title="bbox 397 2934 2545 3053">
    <p class='ocr_par' dir='ltr' id='par_1_15' title="bbox 397 2934 2545 3053">
     <span class='ocr_line' id='line_1_27' title="bbox 505 2934 2545 2989; baseline -0.001 -6"><span class='ocrx_word' id='word_1_214' title='bbox 505 2940 573 2983; x_wconf 87' lang='lat'>29.</span> <span class='ocrx_word' id='word_1_215' title='bbox 601 2938 764 2983; x_wconf 80' lang='lat' dir='ltr'>tacit</span> <span class='ocrx_word' id='word_1_216' title='bbox 777 2949 875 2983; x_wconf 76' lang='lat' dir='ltr'>ae:</span> <span class='ocrx_word' id='word_1_217' title='bbox 903 2948 1121 2981; x_wconf 83' lang='lat' dir='ltr'>acoenna</span> <span class='ocrx_word' id='word_1_218' title='bbox 1150 2936 1197 2981; x_wconf 84' lang='lat' dir='ltr'>al</span> <span class='ocrx_word' id='word_1_219' title='bbox 1228 2940 1362 2981; x_wconf 90' lang='lat' dir='ltr'>muto</span> <span class='ocrx_word' id='word_1_220' title='bbox 1391 2935 1684 2980; x_wconf 84' lang='lat' dir='ltr'>commercio</span> <span class='ocrx_word' id='word_1_221' title='bbox 1716 2934 1997 2989; x_wconf 84' lang='lat' dir='ltr'>epistolare,</span> <span class='ocrx_word' id='word_1_222' title='bbox 2023 2948 2122 2980; x_wconf 88' lang='lat' dir='ltr'>non</span> <span class='ocrx_word' id='word_1_223' title='bbox 2149 2940 2545 2988; x_wconf 80' lang='lat' dir='ltr'>accompagnato</span> 
     </span>
     <span class='ocr_line' id='line_1_28' title="bbox 397 3008 838 3053; baseline 0.002 -1"><span class='ocrx_word' id='word_1_224' title='bbox 397 3008 536 3053; x_wconf 77' lang='lat' dir='ltr'>dalla</span> <span class='ocrx_word' id='word_1_225' title='bbox 561 3009 676 3053; x_wconf 75' lang='lat' dir='ltr'>viva</span> <span class='ocrx_word' id='word_1_226' title='bbox 702 3020 838 3053; x_wconf 86' lang='lat' dir='ltr'>voce.</span> 
     </span>
    </p>
   </div>
   <div class='ocr_carea' id='block_1_10' title="bbox 395 3076 2547 3203">
    <p class='ocr_par' dir='ltr' id='par_1_16' title="bbox 395 3076 2547 3203">
     <span class='ocr_line' id='line_1_29' title="bbox 504 3076 2547 3135; baseline -0.001 -11"><span class='ocrx_word' id='word_1_227' title='bbox 504 3082 574 3124; x_wconf 84' lang='lat'>30.</span> <span class='ocrx_word' id='word_1_228' title='bbox 606 3080 868 3135; x_wconf 72' lang='lat' dir='ltr'>linquae</span> <span class='ocrx_word' id='word_1_229' title='bbox 897 3078 1109 3134; x_wconf 86' lang='lat' dir='ltr'>dipende</span> <span class='ocrx_word' id='word_1_230' title='bbox 1131 3077 1195 3123; x_wconf 85' lang='lat' dir='ltr'>da</span> <span class='ocrx_word' id='word_1_231' title='bbox 1213 3079 1360 3123; x_wconf 78' lang='lat' dir='ltr'>vices.</span> <span class='ocrx_word' id='word_1_232' title='bbox 1391 3101 1445 3111; x_wconf 91' lang='lat'><em>-</em></span> <span class='ocrx_word' id='word_1_233' title='bbox 1482 3078 1715 3122; x_wconf 71' lang='lat' dir='ltr'>charta</span> <span class='ocrx_word' id='word_1_234' title='bbox 1755 3083 2111 3130; x_wconf 63' lang='lat' dir='ltr'>mansosque</span> <span class='ocrx_word' id='word_1_235' title='bbox 2148 3088 2267 3121; x_wconf 83' lang='lat' dir='ltr'>sono</span> <span class='ocrx_word' id='word_1_236' title='bbox 2297 3076 2547 3121; x_wconf 70' lang='lat' dir='ltr'>enti-ambi</span> 
     </span>
     <span class='ocr_line' id='line_1_30' title="bbox 395 3150 628 3203; baseline 0 -8"><span class='ocrx_word' id='word_1_237' title='bbox 395 3150 628 3203; x_wconf 77' lang='lat' dir='ltr'>soggetti.</span> 
     </span>
    </p>
   </div>
   <div class='ocr_carea' id='block_1_11' title="bbox 391 3217 2549 3345">
    <p class='ocr_par' dir='ltr' id='par_1_17' title="bbox 391 3217 2549 3345">
     <span class='ocr_line' id='line_1_31' title="bbox 503 3217 2549 3275; baseline 0 -12"><span class='ocrx_word' id='word_1_238' title='bbox 503 3223 572 3265; x_wconf 90' lang='grc'><strong>31.</strong></span> <span class='ocrx_word' id='word_1_239' title='bbox 599 3220 777 3266; x_wconf 71' lang='lat' dir='ltr'>costi-‚2</span> <span class='ocrx_word' id='word_1_240' title='bbox 802 3232 868 3265; x_wconf 82' lang='lat' dir='ltr'>ne</span> <span class='ocrx_word' id='word_1_241' title='bbox 894 3220 1078 3264; x_wconf 83' lang='lat' dir='ltr'>videar</span> <span class='ocrx_word' id='word_1_242' title='bbox 1106 3220 1214 3275; x_wconf 82' lang='lat' dir='ltr'>diff.</span> <span class='ocrx_word' id='word_1_243' title='bbox 1242 3231 1292 3264; x_wconf 79' lang='lat' dir='ltr'>n.</span> <span class='ocrx_word' id='word_1_244' title='bbox 1319 3219 1377 3263; x_wconf 79' lang='lat' dir='ltr'>id</span> <span class='ocrx_word' id='word_1_245' title='bbox 1401 3219 1517 3274; x_wconf 81' lang='lat' dir='ltr'>sore</span> <span class='ocrx_word' id='word_1_246' title='bbox 1545 3222 1593 3263; x_wconf 76' lang='lat' dir='ltr'>et</span> <span class='ocrx_word' id='word_1_247' title='bbox 1621 3220 1680 3263; x_wconf 83' lang='lat' dir='ltr'>ut</span> <span class='ocrx_word' id='word_1_248' title='bbox 1707 3218 1842 3263; x_wconf 75' lang='lat' dir='ltr'>satie</span> <span class='ocrx_word' id='word_1_249' title='bbox 1870 3218 1941 3261; x_wconf 79' lang='lat' dir='ltr'>sit</span> <span class='ocrx_word' id='word_1_250' title='bbox 1970 3217 2053 3261; x_wconf 85' lang='lat' dir='ltr'>ad.</span> <span class='ocrx_word' id='word_1_251' title='bbox 2082 3217 2175 3261; x_wconf 82' lang='lat' dir='ltr'>hoc</span> <span class='ocrx_word' id='word_1_252' title='bbox 2194 3229 2252 3272; x_wconf 77' lang='lat' dir='ltr'>p.</span> <span class='ocrx_word' id='word_1_253' title='bbox 2280 3229 2335 3270; x_wconf 85' lang='lat' dir='ltr'>v.,</span> <span class='ocrx_word' id='word_1_254' title='bbox 2365 3218 2549 3273; x_wconf 76' lang='lat' dir='ltr'>accipe</span> 
     </span>
     <span class='ocr_line' id='line_1_32' title="bbox 391 3290 1249 3345; baseline 0.002 -10"><span class='ocrx_word' id='word_1_255' title='bbox 391 3290 521 3341; x_wconf 88' lang='lat' dir='ltr'>(scil.</span> <span class='ocrx_word' id='word_1_256' title='bbox 549 3291 762 3335; x_wconf 80' lang='lat' dir='ltr'>verbum</span> <span class='ocrx_word' id='word_1_257' title='bbox 791 3292 899 3341; x_wconf 86' lang='lat' dir='ltr'>etc.)</span> <span class='ocrx_word' id='word_1_258' title='bbox 930 3294 1086 3345; x_wconf 79' lang='lat' dir='ltr'>atque</span> <span class='ocrx_word' id='word_1_259' title='bbox 1113 3290 1249 3337; x_wconf 81' lang='lat' dir='ltr'>vale.</span> 
     </span>
    </p>
   </div>
   <div class='ocr_carea' id='block_1_12' title="bbox 504 3360 1469 3415">
    <p class='ocr_par' dir='ltr' id='par_1_18' title="bbox 504 3360 1469 3415">
     <span class='ocr_line' id='line_1_33' title="bbox 504 3360 1469 3415; baseline -0.001 -10"><span class='ocrx_word' id='word_1_260' title='bbox 504 3364 571 3407; x_wconf 86' lang='lat'>34.</span> <span class='ocrx_word' id='word_1_261' title='bbox 601 3362 867 3415; x_wconf 74' lang='lat' dir='ltr'>distent,</span> <span class='ocrx_word' id='word_1_262' title='bbox 893 3360 1077 3414; x_wconf 68' lang='lat' dir='ltr'>perche</span> <span class='ocrx_word' id='word_1_263' title='bbox 1107 3360 1153 3406; x_wconf 90' lang='lat' dir='ltr'>io</span> <span class='ocrx_word' id='word_1_264' title='bbox 1182 3374 1279 3406; x_wconf 90' lang='lat' dir='ltr'>non</span> <span class='ocrx_word' id='word_1_265' title='bbox 1307 3361 1469 3406; x_wconf 81' lang='lat' dir='ltr'>valeo.</span> 
     </span>
    </p>
   </div>
  </div>
 </body>
</html>
