<?xml version="1.0" encoding="UTF-8"?>
<!DOCTYPE html PUBLIC "-//W3C//DTD XHTML 1.0 Transitional//EN"
    "http://www.w3.org/TR/xhtml1/DTD/xhtml1-transitional.dtd">
<html xmlns="http://www.w3.org/1999/xhtml" xml:lang="en" lang="en">
 <head>
  <title>
</title>
<meta http-equiv="Content-Type" content="text/html;charset=utf-8" />
  <meta name='ocr-system' content='tesseract 3.04.00' />
  <meta name='ocr-capabilities' content='ocr_page ocr_carea ocr_par ocr_line ocrx_word'/>
</head>
<body>
  <div class='ocr_page' id='page_1' title='image "./povidinasonistr00enrigoog_0140.png"; bbox 0 0 2840 4464; ppageno 0'>
   <div class='ocr_carea' id='block_1_1' title="bbox 372 193 1591 251">
    <p class='ocr_par' dir='ltr' id='par_1_1' title="bbox 372 193 1591 251">
     <span class='ocr_line' id='line_1_1' title="bbox 372 193 1591 251; baseline 0.004 -5"><span class='ocrx_word' id='word_1_1' title='bbox 372 193 472 247; x_wconf 86' lang='lat'>132</span> <span class='ocrx_word' id='word_1_2' title='bbox 1293 208 1591 251; x_wconf 70' lang='lat' dir='ltr'>&#39;rmsrmu</span> 
     </span>
    </p>
   </div>
   <div class='ocr_carea' id='block_1_2' title="bbox 534 312 2521 1938">
    <p class='ocr_par' dir='ltr' id='par_1_2' title="bbox 534 312 2521 1938">
     <span class='ocr_line' id='line_1_2' title="bbox 537 312 2190 401; baseline 0.002 -23"><span class='ocrx_word' id='word_1_3' title='bbox 537 312 850 378; x_wconf 84' lang='lat' dir='ltr'>Cantantis</span> <span class='ocrx_word' id='word_1_4' title='bbox 891 314 1144 400; x_wconf 84' lang='lat' dir='ltr'>pariter,</span> <span class='ocrx_word' id='word_1_5' title='bbox 1189 316 1424 401; x_wconf 83' lang='lat' dir='ltr'>pariter</span> <span class='ocrx_word' id='word_1_6' title='bbox 1465 315 1606 380; x_wconf 62' lang='lat' dir='ltr'>datii</span> <span class='ocrx_word' id='word_1_7' title='bbox 1647 316 1840 401; x_wconf 54' lang='lat' dir='ltr'>pensa?</span> <span class='ocrx_word' id='word_1_8' title='bbox 1885 315 2190 381; x_wconf 82' lang='lat' dir='ltr'>trahentis</span> 
     </span>
     <span class='ocr_line' id='line_1_3' title="bbox 621 415 1870 503; baseline -0.001 -23"><span class='ocrx_word' id='word_1_9' title='bbox 621 415 858 482; x_wconf 81' lang='lat' dir='ltr'>fallitur</span> <span class='ocrx_word' id='word_1_10' title='bbox 900 417 1160 483; x_wconf 84' lang='lat' dir='ltr'>ancillae</span> <span class='ocrx_word' id='word_1_11' title='bbox 1202 417 1632 503; x_wconf 64' lang='lat' dir='ltr'>decipiturque</span> <span class='ocrx_word' id='word_1_12' title='bbox 1677 418 1870 483; x_wconf 84' lang='lat' dir='ltr'>labor.</span> 
     </span>
     <span class='ocr_line' id='line_1_4' title="bbox 534 519 2517 607; baseline 0.002 -23"><span class='ocrx_word' id='word_1_13' title='bbox 534 519 753 585; x_wconf 82' lang='lat' dir='ltr'>Fertur</span> <span class='ocrx_word' id='word_1_14' title='bbox 794 530 856 585; x_wconf 86' lang='lat' dir='ltr'>et</span> <span class='ocrx_word' id='word_1_15' title='bbox 898 520 1156 586; x_wconf 70' lang='lat' dir='ltr'>abducta</span> <span class='ocrx_word' id='word_1_16' title='bbox 1198 520 1532 607; x_wconf 78' lang='lat' dir='ltr'>Lyrneside</span> <span class='ocrx_word' id='word_1_17' title='bbox 1573 521 1765 586; x_wconf 88' lang='lat' dir='ltr'>tristis</span> <span class='ocrx_word' id='word_1_18' title='bbox 1808 520 2073 585; x_wconf 83' lang='lat' dir='ltr'>Achilles</span> <span class='ocrx_word' id='word_1_19' title='bbox 2441 523 2517 587; x_wconf 73' lang='lat'>15</span> 
     </span>
     <span class='ocr_line' id='line_1_5' title="bbox 623 621 1760 708; baseline 0.001 -22"><span class='ocrx_word' id='word_1_20' title='bbox 623 621 953 688; x_wconf 78' lang='lat' dir='ltr'>Haemonia</span> <span class='ocrx_word' id='word_1_21' title='bbox 997 643 1173 688; x_wconf 86' lang='lat' dir='ltr'>curas</span> <span class='ocrx_word' id='word_1_22' title='bbox 1216 633 1564 688; x_wconf 77' lang='lat' dir='ltr'><strong>attenuasse</strong></span> <span class='ocrx_word' id='word_1_23' title='bbox 1608 624 1760 708; x_wconf 65' lang='lat' dir='ltr'>lyra.</span> 
     </span>
     <span class='ocr_line' id='line_1_6' title="bbox 534 723 2188 811; baseline 0 -22"><span class='ocrx_word' id='word_1_24' title='bbox 534 723 688 791; x_wconf 91' lang='lat' dir='ltr'>Cum</span> <span class='ocrx_word' id='word_1_25' title='bbox 732 725 1008 791; x_wconf 63' lang='lat' dir='ltr'>triiheret</span> <span class='ocrx_word' id='word_1_26' title='bbox 1048 726 1235 791; x_wconf 84' lang='lat' dir='ltr'>silvas</span> <span class='ocrx_word' id='word_1_27' title='bbox 1278 724 1569 811; x_wconf 84' lang='lat' dir='ltr'>Orpheus</span> <span class='ocrx_word' id='word_1_28' title='bbox 1611 735 1674 791; x_wconf 91' lang='lat' dir='ltr'>et</span> <span class='ocrx_word' id='word_1_29' title='bbox 1714 725 1871 790; x_wconf 84' lang='lat' dir='ltr'>dura</span> <span class='ocrx_word' id='word_1_30' title='bbox 1913 724 2188 790; x_wconf 86' lang='lat' dir='ltr'>canendo</span> 
     </span>
     <span class='ocr_line' id='line_1_7' title="bbox 622 827 1991 915; baseline 0.001 -22"><span class='ocrx_word' id='word_1_31' title='bbox 622 849 786 906; x_wconf 83' lang='lat' dir='ltr'>saxa,</span> <span class='ocrx_word' id='word_1_32' title='bbox 831 828 927 893; x_wconf 88' lang='lat' dir='ltr'>bis</span> <span class='ocrx_word' id='word_1_33' title='bbox 969 827 1190 893; x_wconf 71' lang='lat' dir='ltr'>amissa</span> <span class='ocrx_word' id='word_1_34' title='bbox 1232 829 1488 915; x_wconf 82' lang='lat' dir='ltr'>coniuge</span> <span class='ocrx_word' id='word_1_35' title='bbox 1529 838 1797 894; x_wconf 83' lang='lat' dir='ltr'>maestus</span> <span class='ocrx_word' id='word_1_36' title='bbox 1839 838 1991 895; x_wconf 83' lang='lat' dir='ltr'>erat.</span> 
     </span>
     <span class='ocr_line' id='line_1_8' title="bbox 537 929 2348 1017; baseline -0.001 -21"><span class='ocrx_word' id='word_1_37' title='bbox 537 929 633 996; x_wconf 84' lang='lat' dir='ltr'>Me</span> <span class='ocrx_word' id='word_1_38' title='bbox 675 950 919 1017; x_wconf 84' lang='lat' dir='ltr'>quoque</span> <span class='ocrx_word' id='word_1_39' title='bbox 960 929 1130 996; x_wconf 53' lang='lat' dir='ltr'>Mus&amp;</span> <span class='ocrx_word' id='word_1_40' title='bbox 1172 932 1355 1009; x_wconf 85' lang='lat' dir='ltr'>levat,</span> <span class='ocrx_word' id='word_1_41' title='bbox 1401 929 1577 996; x_wconf 88' lang='lat' dir='ltr'><strong>Ponti</strong></span> <span class='ocrx_word' id='word_1_42' title='bbox 1622 932 1752 996; x_wconf 87' lang='lat' dir='ltr'>loca</span> <span class='ocrx_word' id='word_1_43' title='bbox 1794 930 1956 996; x_wconf 86' lang='lat' dir='ltr'>iussa</span> <span class='ocrx_word' id='word_1_44' title='bbox 1997 938 2348 1016; x_wconf 88' lang='lat' dir='ltr'>petentem:</span> 
     </span>
     <span class='ocr_line' id='line_1_9' title="bbox 625 1032 2520 1119; baseline -0.001 -21"><span class='ocrx_word' id='word_1_45' title='bbox 625 1034 752 1098; x_wconf 85' lang='lat' dir='ltr'>sola</span> <span class='ocrx_word' id='word_1_46' title='bbox 794 1052 996 1098; x_wconf 89' lang='lat' dir='ltr'>comes</span> <span class='ocrx_word' id='word_1_47' title='bbox 1038 1042 1282 1098; x_wconf 83' lang='lat' dir='ltr'>nostrae</span> <span class='ocrx_word' id='word_1_48' title='bbox 1324 1033 1596 1119; x_wconf 68' lang='lat' dir='ltr'>perstitit</span> <span class='ocrx_word' id='word_1_49' title='bbox 1638 1033 1747 1098; x_wconf 86' lang='lat' dir='ltr'>illa</span> <span class='ocrx_word' id='word_1_50' title='bbox 1789 1032 1999 1119; x_wconf 81' lang='lat' dir='ltr'>fugae:</span> <span class='ocrx_word' id='word_1_51' title='bbox 2431 1033 2520 1097; x_wconf 75' lang='lat'>⁴20</span> 
     </span>
     <span class='ocr_line' id='line_1_10' title="bbox 539 1135 2035 1214; baseline -0.001 -13"><span class='ocrx_word' id='word_1_52' title='bbox 539 1137 668 1201; x_wconf 86' lang='lat' dir='ltr'>sola</span> <span class='ocrx_word' id='word_1_53' title='bbox 711 1154 824 1200; x_wconf 88' lang='lat' dir='ltr'>nec</span> <span class='ocrx_word' id='word_1_54' title='bbox 866 1135 1137 1214; x_wconf 78' lang='lat' dir='ltr'>insidiaS‚</span> <span class='ocrx_word' id='word_1_55' title='bbox 1184 1136 1341 1201; x_wconf 85' lang='lat' dir='ltr'>Sinti</span> <span class='ocrx_word' id='word_1_56' title='bbox 1386 1156 1501 1201; x_wconf 87' lang='lat' dir='ltr'>nec</span> <span class='ocrx_word' id='word_1_57' title='bbox 1543 1135 1760 1200; x_wconf 87' lang='lat' dir='ltr'>militis</span> <span class='ocrx_word' id='word_1_58' title='bbox 1802 1154 2035 1213; x_wconf 83' lang='lat' dir='ltr'><strong>ensem,</strong></span> 
     </span>
     <span class='ocr_line' id='line_1_11' title="bbox 626 1237 2314 1323; baseline -0.001 -20"><span class='ocrx_word' id='word_1_59' title='bbox 626 1257 739 1303; x_wconf 89' lang='lat' dir='ltr'>nec</span> <span class='ocrx_word' id='word_1_60' title='bbox 778 1257 970 1315; x_wconf 85' lang='lat' dir='ltr'>mare,</span> <span class='ocrx_word' id='word_1_61' title='bbox 1016 1258 1128 1304; x_wconf 85' lang='lat' dir='ltr'>nec</span> <span class='ocrx_word' id='word_1_62' title='bbox 1170 1248 1386 1304; x_wconf 86' lang='lat' dir='ltr'>ventos</span> <span class='ocrx_word' id='word_1_63' title='bbox 1430 1237 1902 1323; x_wconf 81' lang='lat' dir='ltr'>barbariemque</span> <span class='ocrx_word' id='word_1_64' title='bbox 1945 1237 2139 1302; x_wconf 91' lang='lat' dir='ltr'>timet.</span> <span class='ocrx_word' id='word_1_65' title='bbox 2307 1318 2314 1319; x_wconf 10' lang='grc' dir='ltr'><em>γ</em></span> 
     </span>
     <span class='ocr_line' id='line_1_12' title="bbox 542 1339 2290 1427; baseline -0.002 -21"><span class='ocrx_word' id='word_1_66' title='bbox 542 1340 665 1406; x_wconf 87' lang='lat' dir='ltr'>Scit</span> <span class='ocrx_word' id='word_1_67' title='bbox 707 1360 970 1426; x_wconf 88' lang='lat' dir='ltr'>quoque,</span> <span class='ocrx_word' id='word_1_68' title='bbox 1013 1360 1152 1407; x_wconf 86' lang='lat' dir='ltr'>cum</span> <span class='ocrx_word' id='word_1_69' title='bbox 1194 1341 1376 1426; x_wconf 88' lang='lat' dir='ltr'>perii,</span> <span class='ocrx_word' id='word_1_70' title='bbox 1420 1341 1559 1427; x_wconf 87' lang='lat' dir='ltr'>quis</span> <span class='ocrx_word' id='word_1_71' title='bbox 1601 1360 1703 1407; x_wconf 89' lang='lat' dir='ltr'>me</span> <span class='ocrx_word' id='word_1_72' title='bbox 1746 1339 2054 1427; x_wconf 83' lang='lat' dir='ltr'>deceperit</span> <span class='ocrx_word' id='word_1_73' title='bbox 2096 1359 2290 1418; x_wconf 90' lang='lat' dir='ltr'>error,</span> 
     </span>
     <span class='ocr_line' id='line_1_13' title="bbox 627 1443 2112 1528; baseline -0.001 -20"><span class='ocrx_word' id='word_1_74' title='bbox 627 1452 688 1508; x_wconf 89' lang='lat' dir='ltr'>et</span> <span class='ocrx_word' id='word_1_75' title='bbox 729 1444 973 1528; x_wconf 83' lang='lat' dir='ltr'>culpam</span> <span class='ocrx_word' id='word_1_76' title='bbox 1018 1443 1082 1507; x_wconf 91' lang='lat' dir='ltr'>in</span> <span class='ocrx_word' id='word_1_77' title='bbox 1129 1443 1300 1521; x_wconf 82' lang='lat' dir='ltr'>facto,</span> <span class='ocrx_word' id='word_1_78' title='bbox 1346 1462 1472 1509; x_wconf 88' lang='lat' dir='ltr'>non</span> <span class='ocrx_word' id='word_1_79' title='bbox 1515 1445 1729 1521; x_wconf 81' lang='lat' dir='ltr'>sceluS,</span> <span class='ocrx_word' id='word_1_80' title='bbox 1773 1462 1906 1509; x_wconf 88' lang='lat' dir='ltr'>esse</span> <span class='ocrx_word' id='word_1_81' title='bbox 1947 1462 2112 1508; x_wconf 89' lang='lat' dir='ltr'>meo:</span> 
     </span>
     <span class='ocr_line' id='line_1_14' title="bbox 541 1543 2521 1631; baseline -0.002 -20"><span class='ocrx_word' id='word_1_82' title='bbox 541 1544 765 1611; x_wconf 83' lang='lat' dir='ltr'>scilicet</span> <span class='ocrx_word' id='word_1_83' title='bbox 809 1545 923 1611; x_wconf 92' lang='lat' dir='ltr'>hoc</span> <span class='ocrx_word' id='word_1_84' title='bbox 965 1545 1098 1631; x_wconf 91' lang='lat' dir='ltr'>ipso</span> <span class='ocrx_word' id='word_1_85' title='bbox 1142 1564 1307 1611; x_wconf 86' lang='lat' dir='ltr'>nunc</span> <span class='ocrx_word' id='word_1_86' title='bbox 1349 1545 1563 1631; x_wconf 53' lang='lat' dir='ltr'>aequi,</span> <span class='ocrx_word' id='word_1_87' title='bbox 1608 1545 1773 1631; x_wconf 91' lang='lat' dir='ltr'>quod</span> <span class='ocrx_word' id='word_1_88' title='bbox 1815 1543 2012 1610; x_wconf 84' lang='lat' dir='ltr'>obfuit</span> <span class='ocrx_word' id='word_1_89' title='bbox 2054 1552 2215 1621; x_wconf 88' lang='lat' dir='ltr'>ante,</span> <span class='ocrx_word' id='word_1_90' title='bbox 2432 1545 2521 1608; x_wconf 79' lang='grc'>25</span> 
     </span>
     <span class='ocr_line' id='line_1_15' title="bbox 626 1637 2074 1714; baseline -0.001 -2"><span class='ocrx_word' id='word_1_91' title='bbox 626 1668 766 1713; x_wconf 88' lang='lat' dir='ltr'>cum</span> <span class='ocrx_word' id='word_1_92' title='bbox 809 1667 1050 1713; x_wconf 86' lang='lat' dir='ltr'>mecum</span> <span class='ocrx_word' id='word_1_93' title='bbox 1093 1647 1280 1713; x_wconf 84' lang='lat' dir='ltr'>iuncti</span> <span class='ocrx_word' id='word_1_94' title='bbox 1308 1637 1603 1713; x_wconf 60' lang='lat' dir='ltr'>&#39;criminis</span> <span class='ocrx_word' id='word_1_95' title='bbox 1645 1656 1774 1712; x_wconf 85' lang='lat' dir='ltr'>acta</span> <span class='ocrx_word' id='word_1_96' title='bbox 1818 1666 1924 1714; x_wconf 89' lang='lat' dir='ltr'>rea</span> <span class='ocrx_word' id='word_1_97' title='bbox 1966 1655 2074 1712; x_wconf 89' lang='lat' dir='ltr'>est.</span> 
     </span>
     <span class='ocr_line' id='line_1_16' title="bbox 539 1748 2265 1835; baseline -0.001 -20"><span class='ocrx_word' id='word_1_98' title='bbox 539 1749 672 1815; x_wconf 89' lang='lat' dir='ltr'>Non</span> <span class='ocrx_word' id='word_1_99' title='bbox 715 1750 1003 1835; x_wconf 88' lang='lat' dir='ltr'>equidem</span> <span class='ocrx_word' id='word_1_100' title='bbox 1047 1752 1294 1828; x_wconf 89' lang='lat' dir='ltr'>vellem,</span> <span class='ocrx_word' id='word_1_101' title='bbox 1338 1750 1631 1835; x_wconf 85' lang='lat' dir='ltr'>quoniam</span> <span class='ocrx_word' id='word_1_102' title='bbox 1676 1749 1952 1815; x_wconf 80' lang='lat' dir='ltr'>nocitura</span> <span class='ocrx_word' id='word_1_103' title='bbox 1995 1748 2265 1826; x_wconf 88' lang='lat' dir='ltr'>fuerunt,</span> 
     </span>
     <span class='ocr_line' id='line_1_17' title="bbox 626 1851 1890 1938; baseline 0.002 -21"><span class='ocrx_word' id='word_1_104' title='bbox 626 1851 938 1918; x_wconf 89' lang='lat' dir='ltr'>Pieridum</span> <span class='ocrx_word' id='word_1_105' title='bbox 982 1852 1166 1917; x_wconf 84' lang='lat' dir='ltr'>sacris</span> <span class='ocrx_word' id='word_1_106' title='bbox 1210 1852 1571 1938; x_wconf 86' lang='lat' dir='ltr'>imposuisse</span> <span class='ocrx_word' id='word_1_107' title='bbox 1613 1871 1890 1921; x_wconf 84' lang='lat' dir='ltr'>manum.</span> 
     </span>
    </p>
   </div>
   <div class='ocr_carea' id='block_1_3' title="bbox 371 2063 2528 3951">
    <p class='ocr_par' dir='ltr' id='par_1_3' title="bbox 371 2063 2528 2261">
     <span class='ocr_line' id='line_1_18' title="bbox 482 2063 2525 2122; baseline -0.001 -12"><span class='ocrx_word' id='word_1_108' title='bbox 482 2067 546 2110; x_wconf 86' lang='lat'>13.</span> <span class='ocrx_word' id='word_1_109' title='bbox 566 2066 833 2122; x_wconf 72' lang='lat' dir='ltr'>pariter</span> <span class='ocrx_word' id='word_1_110' title='bbox 864 2065 975 2109; x_wconf 82' lang='lat' dir='ltr'>vale</span> <span class='ocrx_word' id='word_1_111' title='bbox 994 2077 1100 2109; x_wconf 78' lang='lat' dir='ltr'>uno</span> <span class='ocrx_word' id='word_1_112' title='bbox 1121 2065 1396 2119; x_wconf 78' lang='lat' dir='ltr'>eodemque</span> <span class='ocrx_word' id='word_1_113' title='bbox 1414 2067 1661 2118; x_wconf 76' lang='lat' dir='ltr'>tempore.</span> <span class='ocrx_word' id='word_1_114' title='bbox 1680 2087 1734 2094; x_wconf 90' lang='lat'><em>-</em></span> <span class='ocrx_word' id='word_1_115' title='bbox 1754 2063 1911 2108; x_wconf 78' lang='lat' dir='ltr'>data</span> <span class='ocrx_word' id='word_1_116' title='bbox 1933 2075 2138 2118; x_wconf 78' lang='lat' dir='ltr'>pensa</span> <span class='ocrx_word' id='word_1_117' title='bbox 2165 2063 2525 2117; x_wconf 77' lang='lat' dir='ltr'>trahentis,</span> 
     </span>
     <span class='ocr_line' id='line_1_19' title="bbox 372 2132 2528 2190; baseline -0.001 -9"><span class='ocrx_word' id='word_1_118' title='bbox 372 2148 400 2180; x_wconf 90' lang='lat'><strong>‹</strong></span> <span class='ocrx_word' id='word_1_119' title='bbox 427 2135 803 2181; x_wconf 79' lang='lat' dir='ltr'>soonooehiante</span> <span class='ocrx_word' id='word_1_120' title='bbox 832 2135 869 2179; x_wconf 92' lang='lat' dir='ltr'>il</span> <span class='ocrx_word' id='word_1_121' title='bbox 897 2133 1127 2190; x_wconf 77' lang='lat' dir='ltr'>compito,</span> <span class='ocrx_word' id='word_1_122' title='bbox 1154 2135 1205 2179; x_wconf 98' lang='grc'>18</span> <span class='ocrx_word' id='word_1_123' title='bbox 1233 2134 1459 2189; x_wconf 61' lang='lat' dir='ltr'>quantit&amp;</span> <span class='ocrx_word' id='word_1_124' title='bbox 1481 2134 1531 2178; x_wconf 87' lang='lat' dir='ltr'>di</span> <span class='ocrx_word' id='word_1_125' title='bbox 1551 2135 1666 2178; x_wconf 89' lang='grc'><strong>18118</strong></span> <span class='ocrx_word' id='word_1_126' title='bbox 1685 2133 1775 2178; x_wconf 84' lang='lat' dir='ltr'>che</span> <span class='ocrx_word' id='word_1_127' title='bbox 1795 2134 1918 2178; x_wconf 85' lang='lat' dir='ltr'>deve</span> <span class='ocrx_word' id='word_1_128' title='bbox 1938 2133 2077 2178; x_wconf 82' lang='lat' dir='ltr'>filare</span> <span class='ocrx_word' id='word_1_129' title='bbox 2097 2142 2138 2187; x_wconf 84' lang='lat'>›,</span> <span class='ocrx_word' id='word_1_130' title='bbox 2154 2132 2359 2178; x_wconf 84' lang='lat' dir='ltr'>traendo</span> <span class='ocrx_word' id='word_1_131' title='bbox 2380 2132 2528 2178; x_wconf 75' lang='lat' dir='ltr'>dalla</span> 
     </span>
     <span class='ocr_line' id='line_1_20' title="bbox 371 2205 1012 2261; baseline -0.003 -8"><span class='ocrx_word' id='word_1_132' title='bbox 371 2220 520 2254; x_wconf 84' lang='lat' dir='ltr'>rocca</span> <span class='ocrx_word' id='word_1_133' title='bbox 546 2207 598 2253; x_wconf 90' lang='grc'>18</span> <span class='ocrx_word' id='word_1_134' title='bbox 623 2207 778 2261; x_wconf 77' lang='lat' dir='ltr'>lunga</span> <span class='ocrx_word' id='word_1_135' title='bbox 805 2205 1012 2251; x_wconf 74' lang='lat' dir='ltr'>ehioma.</span> 
     </span>
    </p>

    <p class='ocr_par' dir='ltr' id='par_1_4' title="bbox 483 2274 2310 2335">
     <span class='ocr_line' id='line_1_21' title="bbox 483 2274 2310 2335; baseline -0.002 -12"><span class='ocrx_word' id='word_1_136' title='bbox 483 2281 550 2323; x_wconf 84' lang='lat'>14.</span> <span class='ocrx_word' id='word_1_137' title='bbox 573 2277 878 2335; x_wconf 72' lang='lat' dir='ltr'>fallitur,</span> <span class='ocrx_word' id='word_1_138' title='bbox 922 2277 1284 2332; x_wconf 76' lang='lat' dir='ltr'>decipitur:</span> <span class='ocrx_word' id='word_1_139' title='bbox 1307 2275 1422 2321; x_wconf 79' lang='lat' dir='ltr'>vien</span> <span class='ocrx_word' id='word_1_140' title='bbox 1450 2276 1590 2330; x_wconf 82' lang='lat' dir='ltr'>fatto,</span> <span class='ocrx_word' id='word_1_141' title='bbox 1618 2289 1766 2320; x_wconf 82' lang='lat' dir='ltr'>senza</span> <span class='ocrx_word' id='word_1_142' title='bbox 1793 2274 1883 2319; x_wconf 85' lang='lat' dir='ltr'>che</span> <span class='ocrx_word' id='word_1_143' title='bbox 1913 2288 1966 2320; x_wconf 89' lang='lat' dir='ltr'>se</span> <span class='ocrx_word' id='word_1_144' title='bbox 1995 2287 2056 2320; x_wconf 90' lang='lat' dir='ltr'>ne</span> <span class='ocrx_word' id='word_1_145' title='bbox 2085 2288 2310 2328; x_wconf 77' lang='lat' dir='ltr'>accorga.</span> 
     </span>
    </p>

    <p class='ocr_par' dir='ltr' id='par_1_5' title="bbox 373 2344 2527 2475">
     <span class='ocr_line' id='line_1_22' title="bbox 481 2344 2527 2404; baseline -0.002 -10"><span class='ocrx_word' id='word_1_146' title='bbox 481 2352 551 2394; x_wconf 89' lang='lat'>15.</span> <span class='ocrx_word' id='word_1_147' title='bbox 580 2349 861 2394; x_wconf 78' lang='lat' dir='ltr'>abducta</span> <span class='ocrx_word' id='word_1_148' title='bbox 903 2346 1291 2403; x_wconf 72' lang='lat' dir='ltr'>Lyrneside:</span> <span class='ocrx_word' id='word_1_149' title='bbox 1316 2347 1515 2400; x_wconf 78' lang='lat' dir='ltr'>toltagli</span> <span class='ocrx_word' id='word_1_150' title='bbox 1543 2346 1608 2391; x_wconf 83' lang='lat' dir='ltr'>da</span> <span class='ocrx_word' id='word_1_151' title='bbox 1635 2347 1990 2404; x_wconf 77' lang='lat' dir='ltr'>Agamennone</span> <span class='ocrx_word' id='word_1_152' title='bbox 2007 2345 2206 2391; x_wconf 80' lang='lat' dir='ltr'>l&#39;amata</span> <span class='ocrx_word' id='word_1_153' title='bbox 2222 2344 2527 2399; x_wconf 78' lang='lat' dir='ltr'>Ippodamia.</span> 
     </span>
     <span class='ocr_line' id='line_1_23' title="bbox 373 2415 2409 2475; baseline -0.002 -9"><span class='ocrx_word' id='word_1_154' title='bbox 373 2421 513 2475; x_wconf 77' lang='lat' dir='ltr'>figlia</span> <span class='ocrx_word' id='word_1_155' title='bbox 542 2420 592 2465; x_wconf 91' lang='lat' dir='ltr'>di</span> <span class='ocrx_word' id='word_1_156' title='bbox 618 2419 807 2474; x_wconf 87' lang='lat' dir='ltr'>Briseo‚</span> <span class='ocrx_word' id='word_1_157' title='bbox 832 2418 1001 2464; x_wconf 79' lang='lat' dir='ltr'>nativa</span> <span class='ocrx_word' id='word_1_158' title='bbox 1030 2417 1080 2462; x_wconf 89' lang='lat' dir='ltr'>di</span> <span class='ocrx_word' id='word_1_159' title='bbox 1107 2417 1328 2472; x_wconf 83' lang='lat' dir='ltr'>Limeso‚</span> <span class='ocrx_word' id='word_1_160' title='bbox 1355 2431 1381 2462; x_wconf 91' lang='lat' dir='ltr'>e</span> <span class='ocrx_word' id='word_1_161' title='bbox 1409 2416 1582 2471; x_wconf 78' lang='lat' dir='ltr'>percio</span> <span class='ocrx_word' id='word_1_162' title='bbox 1611 2416 1747 2461; x_wconf 81' lang='lat' dir='ltr'>detta</span> <span class='ocrx_word' id='word_1_163' title='bbox 1774 2430 1803 2462; x_wconf 93' lang='lat' dir='ltr'>o</span> <span class='ocrx_word' id='word_1_164' title='bbox 1831 2416 2056 2461; x_wconf 86' lang='lat' dir='ltr'>Briseide</span> <span class='ocrx_word' id='word_1_165' title='bbox 2082 2429 2112 2461; x_wconf 94' lang='lat' dir='ltr'>o</span> <span class='ocrx_word' id='word_1_166' title='bbox 2139 2415 2409 2461; x_wconf 86' lang='lat' dir='ltr'>Lirneside.</span> 
     </span>
    </p>

    <p class='ocr_par' dir='ltr' id='par_1_6' title="bbox 376 2486 2522 2616">
     <span class='ocr_line' id='line_1_24' title="bbox 483 2486 2522 2544; baseline -0.003 -6"><span class='ocrx_word' id='word_1_167' title='bbox 483 2494 549 2538; x_wconf 87' lang='lat'>16.</span> <span class='ocrx_word' id='word_1_168' title='bbox 575 2490 940 2538; x_wconf 79' lang='lat' dir='ltr'>Haemonia</span> <span class='ocrx_word' id='word_1_169' title='bbox 957 2523 970 2544; x_wconf 85' lang='lat'>,</span> <span class='ocrx_word' id='word_1_170' title='bbox 1011 2502 1035 2533; x_wconf 89' lang='grc'><strong>&lt;</strong></span> <span class='ocrx_word' id='word_1_171' title='bbox 1063 2489 1248 2534; x_wconf 83' lang='lat' dir='ltr'>tessala</span> <span class='ocrx_word' id='word_1_172' title='bbox 1276 2498 1317 2543; x_wconf 83' lang='lat'>›,</span> <span class='ocrx_word' id='word_1_173' title='bbox 1339 2487 1526 2544; x_wconf 72' lang='lat' dir='ltr'>perche</span> <span class='ocrx_word' id='word_1_174' title='bbox 1566 2486 1760 2532; x_wconf 81' lang='lat' dir='ltr'>Achille</span> <span class='ocrx_word' id='word_1_175' title='bbox 1802 2500 1889 2532; x_wconf 84' lang='lat' dir='ltr'>era</span> <span class='ocrx_word' id='word_1_176' title='bbox 1931 2486 2064 2532; x_wconf 78' lang='lat' dir='ltr'>della</span> <span class='ocrx_word' id='word_1_177' title='bbox 2090 2486 2363 2540; x_wconf 50' lang='lat' dir='ltr'>&#39;ressagliffi</span> <span class='ocrx_word' id='word_1_178' title='bbox 2388 2486 2522 2532; x_wconf 80' lang='lat' dir='ltr'>dove</span> 
     </span>
     <span class='ocr_line' id='line_1_25' title="bbox 376 2561 943 2616; baseline -0.011 -6"><span class='ocrx_word' id='word_1_179' title='bbox 376 2575 523 2616; x_wconf 78' lang='lat' dir='ltr'>sorge</span> <span class='ocrx_word' id='word_1_180' title='bbox 552 2562 589 2608; x_wconf 93' lang='lat' dir='ltr'>il</span> <span class='ocrx_word' id='word_1_181' title='bbox 616 2564 779 2607; x_wconf 86' lang='lat' dir='ltr'>monte</span> <span class='ocrx_word' id='word_1_182' title='bbox 807 2561 943 2605; x_wconf 86' lang='lat' dir='ltr'>Emo.</span> 
     </span>
    </p>

    <p class='ocr_par' dir='ltr' id='par_1_7' title="bbox 372 2627 2524 2963">
     <span class='ocr_line' id='line_1_26' title="bbox 482 2627 2522 2683; baseline -0.003 -4"><span class='ocrx_word' id='word_1_183' title='bbox 482 2635 548 2679; x_wconf 84' lang='lat'>18.</span> <span class='ocrx_word' id='word_1_184' title='bbox 575 2632 672 2677; x_wconf 79' lang='lat' dir='ltr'>bie</span> <span class='ocrx_word' id='word_1_185' title='bbox 718 2644 816 2675; x_wconf 87' lang='lat' dir='ltr'>am</span> <span class='ocrx_word' id='word_1_186' title='bbox 830 2631 922 2674; x_wconf 81' lang='lat' dir='ltr'>iss</span> <span class='ocrx_word' id='word_1_187' title='bbox 935 2642 996 2675; x_wconf 82' lang='lat' dir='ltr'>a:</span> <span class='ocrx_word' id='word_1_188' title='bbox 1038 2630 1087 2675; x_wconf 94' lang='lat' dir='ltr'>lo</span> <span class='ocrx_word' id='word_1_189' title='bbox 1118 2629 1293 2674; x_wconf 77' lang='lat' dir='ltr'>faceva</span> <span class='ocrx_word' id='word_1_190' title='bbox 1317 2642 1410 2683; x_wconf 89' lang='lat' dir='ltr'>per</span> <span class='ocrx_word' id='word_1_191' title='bbox 1437 2628 1709 2674; x_wconf 82' lang='lat' dir='ltr'>consolarsi</span> <span class='ocrx_word' id='word_1_192' title='bbox 1738 2628 1870 2673; x_wconf 83' lang='lat' dir='ltr'>della</span> <span class='ocrx_word' id='word_1_193' title='bbox 1896 2632 2121 2674; x_wconf 81' lang='lat' dir='ltr'>consorte</span> <span class='ocrx_word' id='word_1_194' title='bbox 2148 2627 2378 2673; x_wconf 86' lang='lat' dir='ltr'>Euridiee</span> <span class='ocrx_word' id='word_1_195' title='bbox 2420 2627 2522 2673; x_wconf 82' lang='lat' dir='ltr'>due</span> 
     </span>
     <span class='ocr_line' id='line_1_27' title="bbox 376 2698 2524 2759; baseline -0.003 -9"><span class='ocrx_word' id='word_1_196' title='bbox 376 2704 511 2750; x_wconf 80' lang='lat' dir='ltr'>volte</span> <span class='ocrx_word' id='word_1_197' title='bbox 537 2702 768 2759; x_wconf 65' lang='lat' dir='ltr'>perdum,</span> <span class='ocrx_word' id='word_1_198' title='bbox 793 2701 843 2745; x_wconf 83' lang='lat' dir='ltr'>la</span> <span class='ocrx_word' id='word_1_199' title='bbox 869 2700 1031 2755; x_wconf 83' lang='lat' dir='ltr'>prima</span> <span class='ocrx_word' id='word_1_200' title='bbox 1057 2700 1194 2745; x_wconf 78' lang='lat' dir='ltr'>volta</span> <span class='ocrx_word' id='word_1_201' title='bbox 1221 2711 1314 2754; x_wconf 84' lang='lat' dir='ltr'>per</span> <span class='ocrx_word' id='word_1_202' title='bbox 1330 2702 1507 2752; x_wconf 83' lang='lat' dir='ltr'>morte,</span> <span class='ocrx_word' id='word_1_203' title='bbox 1531 2700 1581 2744; x_wconf 89' lang='grc'>18</span> <span class='ocrx_word' id='word_1_204' title='bbox 1608 2699 1824 2745; x_wconf 69' lang='lat' dir='ltr'>seconde</span> <span class='ocrx_word' id='word_1_205' title='bbox 1841 2699 2054 2753; x_wconf 79' lang='lat' dir='ltr'>quando,</span> <span class='ocrx_word' id='word_1_206' title='bbox 2071 2702 2291 2745; x_wconf 85' lang='lat' dir='ltr'>ottenuto</span> <span class='ocrx_word' id='word_1_207' title='bbox 2320 2698 2385 2743; x_wconf 80' lang='lat' dir='ltr'>da</span> <span class='ocrx_word' id='word_1_208' title='bbox 2399 2698 2524 2744; x_wconf 89' lang='lat' dir='ltr'>Plu-</span> 
     </span>
     <span class='ocr_line' id='line_1_28' title="bbox 377 2769 2524 2824; baseline -0.004 -3"><span class='ocrx_word' id='word_1_209' title='bbox 377 2779 494 2821; x_wconf 81' lang='lat' dir='ltr'>tone</span> <span class='ocrx_word' id='word_1_210' title='bbox 523 2773 573 2818; x_wconf 91' lang='lat' dir='ltr'>di</span> <span class='ocrx_word' id='word_1_211' title='bbox 599 2771 882 2819; x_wconf 83' lang='lat' dir='ltr'>ricondurla</span> <span class='ocrx_word' id='word_1_212' title='bbox 910 2770 1039 2817; x_wconf 77' lang='lat' dir='ltr'>sulla</span> <span class='ocrx_word' id='word_1_213' title='bbox 1067 2773 1219 2824; x_wconf 83' lang='lat' dir='ltr'>terra,</span> <span class='ocrx_word' id='word_1_214' title='bbox 1247 2783 1302 2814; x_wconf 85' lang='lat' dir='ltr'>se</span> <span class='ocrx_word' id='word_1_215' title='bbox 1330 2772 1380 2814; x_wconf 87' lang='grc'>18</span> <span class='ocrx_word' id='word_1_216' title='bbox 1403 2769 1518 2814; x_wconf 78' lang='lat' dir='ltr'>vide</span> <span class='ocrx_word' id='word_1_217' title='bbox 1547 2769 1597 2813; x_wconf 84' lang='lat' dir='ltr'>di</span> <span class='ocrx_word' id='word_1_218' title='bbox 1633 2783 1794 2815; x_wconf 79' lang='lat' dir='ltr'>nuovo</span> <span class='ocrx_word' id='word_1_219' title='bbox 1822 2769 2002 2824; x_wconf 74' lang='lat' dir='ltr'>rapite,</span> <span class='ocrx_word' id='word_1_220' title='bbox 2027 2782 2120 2824; x_wconf 87' lang='lat' dir='ltr'>per</span> <span class='ocrx_word' id='word_1_221' title='bbox 2146 2782 2265 2814; x_wconf 79' lang='lat' dir='ltr'>aver</span> <span class='ocrx_word' id='word_1_222' title='bbox 2290 2772 2524 2814; x_wconf 80' lang='lat' dir='ltr'>mancato</span> 
     </span>
     <span class='ocr_line' id='line_1_29' title="bbox 378 2831 2522 2896; baseline -0.004 -3"><span class='ocrx_word' id='word_1_223' title='bbox 378 2846 481 2893; x_wconf 88' lang='grc'><strong>8118</strong></span> <span class='ocrx_word' id='word_1_224' title='bbox 508 2843 794 2892; x_wconf 79' lang='lat' dir='ltr'>condizione</span> <span class='ocrx_word' id='word_1_225' title='bbox 812 2840 1099 2896; x_wconf 79' lang='lat' dir='ltr'>impostagli</span> <span class='ocrx_word' id='word_1_226' title='bbox 1119 2840 1201 2885; x_wconf 80' lang='lat' dir='ltr'>dal</span> <span class='ocrx_word' id='word_1_227' title='bbox 1223 2840 1318 2894; x_wconf 90' lang='lat' dir='ltr'>dio,</span> <span class='ocrx_word' id='word_1_228' title='bbox 1335 2840 1385 2884; x_wconf 90' lang='lat' dir='ltr'>di</span> <span class='ocrx_word' id='word_1_229' title='bbox 1404 2853 1502 2885; x_wconf 85' lang='lat' dir='ltr'>non</span> <span class='ocrx_word' id='word_1_230' title='bbox 1519 2839 1727 2885; x_wconf 80' lang='lat' dir='ltr'>voltarsi</span> <span class='ocrx_word' id='word_1_231' title='bbox 1753 2840 1964 2885; x_wconf 85' lang='lat' dir='ltr'>indietro</span> <span class='ocrx_word' id='word_1_232' title='bbox 1992 2854 2023 2885; x_wconf 89' lang='grc'><strong>8</strong></span> <span class='ocrx_word' id='word_1_233' title='bbox 2049 2831 2330 2893; x_wconf 58' lang='grc' dir='ltr'><strong>3118τά81111,</strong></span> <span class='ocrx_word' id='word_1_234' title='bbox 2355 2839 2522 2893; x_wconf 71' lang='lat' dir='ltr'>prima</span> 
     </span>
     <span class='ocr_line' id='line_1_30' title="bbox 372 2912 1129 2963; baseline -0.009 1"><span class='ocrx_word' id='word_1_235' title='bbox 372 2918 586 2963; x_wconf 81' lang='lat' dir='ltr'>d’essere</span> <span class='ocrx_word' id='word_1_236' title='bbox 613 2913 773 2960; x_wconf 85' lang='lat' dir='ltr'>uscito</span> <span class='ocrx_word' id='word_1_237' title='bbox 801 2912 1129 2957; x_wconf 76' lang='lat' dir='ltr'>dall’Averno.</span> 
     </span>
    </p>

    <p class='ocr_par' dir='ltr' id='par_1_8' title="bbox 372 2980 2522 3180">
     <span class='ocr_line' id='line_1_31' title="bbox 484 2980 2518 3038; baseline -0.005 -5"><span class='ocrx_word' id='word_1_238' title='bbox 484 2991 550 3033; x_wconf 85' lang='lat'>19.</span> <span class='ocrx_word' id='word_1_239' title='bbox 578 2987 720 3032; x_wconf 86' lang='lat' dir='ltr'>loca</span> <span class='ocrx_word' id='word_1_240' title='bbox 764 2985 965 3038; x_wconf 81' lang='lat' dir='ltr'>iussa,</span> <span class='ocrx_word' id='word_1_241' title='bbox 993 2995 1017 3026; x_wconf 89' lang='grc'><strong>&lt;</strong></span> <span class='ocrx_word' id='word_1_242' title='bbox 1047 2981 1301 3035; x_wconf 77' lang='lat' dir='ltr'>assegnati</span> <span class='ocrx_word' id='word_1_243' title='bbox 1327 2981 1410 3036; x_wconf 87' lang='lat' dir='ltr'>pel</span> <span class='ocrx_word' id='word_1_244' title='bbox 1441 2981 1538 3026; x_wconf 90' lang='lat' dir='ltr'>mio</span> <span class='ocrx_word' id='word_1_245' title='bbox 1560 2981 1704 3026; x_wconf 87' lang='lat' dir='ltr'>esilio</span> <span class='ocrx_word' id='word_1_246' title='bbox 1733 2990 1770 3025; x_wconf 85' lang='lat'>›..</span> <span class='ocrx_word' id='word_1_247' title='bbox 1796 3004 1851 3013; x_wconf 91' lang='lat'>--</span> <span class='ocrx_word' id='word_1_248' title='bbox 1882 2985 2229 3037; x_wconf 73' lang='lat' dir='ltr'>petentem,</span> <span class='ocrx_word' id='word_1_249' title='bbox 2264 2980 2342 3026; x_wconf 87' lang='lat' dir='ltr'>coi</span> <span class='ocrx_word' id='word_1_250' title='bbox 2370 2980 2518 3025; x_wconf 85' lang='lat' dir='ltr'>codd.</span> 
     </span>
     <span class='ocr_line' id='line_1_32' title="bbox 372 3050 2522 3113; baseline -0.004 -8"><span class='ocrx_word' id='word_1_251' title='bbox 372 3058 607 3113; x_wconf 80' lang='lat' dir='ltr'>migliori‚</span> <span class='ocrx_word' id='word_1_252' title='bbox 632 3069 724 3111; x_wconf 87' lang='lat' dir='ltr'>per</span> <span class='ocrx_word' id='word_1_253' title='bbox 751 3057 1010 3101; x_wconf 78' lang='lat' dir='ltr'>tenentem</span> <span class='ocrx_word' id='word_1_254' title='bbox 1037 3052 1127 3098; x_wconf 87' lang='lat' dir='ltr'>che</span> <span class='ocrx_word' id='word_1_255' title='bbox 1157 3052 1200 3097; x_wconf 85' lang='lat' dir='ltr'>si</span> <span class='ocrx_word' id='word_1_256' title='bbox 1227 3052 1374 3106; x_wconf 87' lang='grc'><strong>16336</strong></span> <span class='ocrx_word' id='word_1_257' title='bbox 1403 3052 1621 3098; x_wconf 77' lang='lat' dir='ltr'>altrove:</span> <span class='ocrx_word' id='word_1_258' title='bbox 1656 3052 1694 3096; x_wconf 91' lang='lat' dir='ltr'>il</span> <span class='ocrx_word' id='word_1_259' title='bbox 1729 3055 1882 3106; x_wconf 80' lang='lat' dir='ltr'>poeta</span> <span class='ocrx_word' id='word_1_260' title='bbox 1917 3065 2135 3096; x_wconf 77' lang='lat' dir='ltr'>aecenna</span> <span class='ocrx_word' id='word_1_261' title='bbox 2171 3050 2414 3104; x_wconf 73' lang='lat' dir='ltr'>all’elegie</span> <span class='ocrx_word' id='word_1_262' title='bbox 2451 3050 2522 3097; x_wconf 79' lang='lat' dir='ltr'>da.</span> 
     </span>
     <span class='ocr_line' id='line_1_33' title="bbox 375 3122 1081 3180; baseline -0.011 -6"><span class='ocrx_word' id='word_1_263' title='bbox 375 3129 447 3174; x_wconf 88' lang='lat' dir='ltr'>lui</span> <span class='ocrx_word' id='word_1_264' title='bbox 476 3129 730 3180; x_wconf 80' lang='lat' dir='ltr'>composte</span> <span class='ocrx_word' id='word_1_265' title='bbox 756 3123 837 3169; x_wconf 91' lang='grc'><strong>1161</strong></span> <span class='ocrx_word' id='word_1_266' title='bbox 865 3122 1081 3176; x_wconf 77' lang='lat' dir='ltr'>viaggio.</span> 
     </span>
    </p>

    <p class='ocr_par' dir='ltr' id='par_1_9' title="bbox 374 3190 2524 3390">
     <span class='ocr_line' id='line_1_34' title="bbox 479 3190 2524 3250; baseline -0.004 -7"><span class='ocrx_word' id='word_1_267' title='bbox 479 3200 548 3243; x_wconf 85' lang='lat'>21.</span> <span class='ocrx_word' id='word_1_268' title='bbox 572 3195 766 3250; x_wconf 76' lang='lat' dir='ltr'>Sinti,</span> <span class='ocrx_word' id='word_1_269' title='bbox 792 3194 869 3239; x_wconf 86' lang='lat' dir='ltr'>eol</span> <span class='ocrx_word' id='word_1_270' title='bbox 892 3193 1139 3239; x_wconf 83' lang='lat' dir='ltr'>Gronovio</span> <span class='ocrx_word' id='word_1_271' title='bbox 1162 3204 1188 3237; x_wconf 98' lang='lat' dir='ltr'>e</span> <span class='ocrx_word' id='word_1_272' title='bbox 1209 3191 1543 3246; x_wconf 77' lang='lat' dir='ltr'>ooll’Ehwald,</span> <span class='ocrx_word' id='word_1_273' title='bbox 1560 3204 1653 3246; x_wconf 91' lang='lat' dir='ltr'>per</span> <span class='ocrx_word' id='word_1_274' title='bbox 1667 3192 1808 3238; x_wconf 80' lang='lat' dir='ltr'>inter</span> <span class='ocrx_word' id='word_1_275' title='bbox 1826 3192 1917 3237; x_wconf 87' lang='lat' dir='ltr'>che</span> <span class='ocrx_word' id='word_1_276' title='bbox 1937 3192 1978 3237; x_wconf 88' lang='lat' dir='ltr'>si</span> <span class='ocrx_word' id='word_1_277' title='bbox 1997 3191 2144 3244; x_wconf 85' lang='grc'><strong>16336</strong></span> <span class='ocrx_word' id='word_1_278' title='bbox 2162 3191 2245 3236; x_wconf 88' lang='grc'><strong>1161</strong></span> <span class='ocrx_word' id='word_1_279' title='bbox 2264 3190 2335 3246; x_wconf 67' lang='lat' dir='ltr'>G„</span> <span class='ocrx_word' id='word_1_280' title='bbox 2347 3191 2400 3236; x_wconf 91' lang='lat' dir='ltr'>P.</span> <span class='ocrx_word' id='word_1_281' title='bbox 2416 3204 2442 3235; x_wconf 90' lang='lat' dir='ltr'>e</span> <span class='ocrx_word' id='word_1_282' title='bbox 2458 3191 2524 3235; x_wconf 88' lang='lat' dir='ltr'>V.</span> 
     </span>
     <span class='ocr_line' id='line_1_35' title="bbox 376 3261 2518 3316; baseline -0.005 -1"><span class='ocrx_word' id='word_1_283' title='bbox 376 3283 403 3314; x_wconf 90' lang='lat' dir='ltr'>e</span> <span class='ocrx_word' id='word_1_284' title='bbox 432 3268 578 3315; x_wconf 78' lang='lat' dir='ltr'>saevi</span> <span class='ocrx_word' id='word_1_285' title='bbox 604 3265 654 3311; x_wconf 90' lang='lat' dir='ltr'>di</span> <span class='ocrx_word' id='word_1_286' title='bbox 682 3264 794 3312; x_wconf 77' lang='lat' dir='ltr'>altri</span> <span class='ocrx_word' id='word_1_287' title='bbox 824 3264 966 3310; x_wconf 86' lang='lat' dir='ltr'>eodd.</span> <span class='ocrx_word' id='word_1_288' title='bbox 993 3263 1194 3309; x_wconf 90' lang='lat' dir='ltr'>minori:</span> <span class='ocrx_word' id='word_1_289' title='bbox 1221 3262 1238 3307; x_wconf 94' lang='lat' dir='ltr'>i</span> <span class='ocrx_word' id='word_1_290' title='bbox 1265 3261 1445 3308; x_wconf 77' lang='lat' dir='ltr'>Sinti</span> <span class='ocrx_word' id='word_1_291' title='bbox 1472 3274 1622 3307; x_wconf 84' lang='lat' dir='ltr'>erano</span> <span class='ocrx_word' id='word_1_292' title='bbox 1649 3276 1716 3307; x_wconf 92' lang='lat' dir='ltr'>un</span> <span class='ocrx_word' id='word_1_293' title='bbox 1743 3263 1929 3316; x_wconf 84' lang='lat' dir='ltr'>popolo</span> <span class='ocrx_word' id='word_1_294' title='bbox 1958 3261 2007 3308; x_wconf 88' lang='lat' dir='ltr'>di</span> <span class='ocrx_word' id='word_1_295' title='bbox 2036 3261 2190 3315; x_wconf 83' lang='lat' dir='ltr'>stirpe</span> <span class='ocrx_word' id='word_1_296' title='bbox 2218 3261 2435 3307; x_wconf 75' lang='lat' dir='ltr'>Tracica.</span> <span class='ocrx_word' id='word_1_297' title='bbox 2463 3284 2518 3292; x_wconf 90' lang='lat'>—</span> 
     </span>
     <span class='ocr_line' id='line_1_36' title="bbox 374 3331 2523 3390; baseline -0.005 -5"><span class='ocrx_word' id='word_1_298' title='bbox 374 3338 617 3386; x_wconf 79' lang='lat' dir='ltr'>militie</span> <span class='ocrx_word' id='word_1_299' title='bbox 665 3348 888 3390; x_wconf 77' lang='lat' dir='ltr'>ensem,</span> <span class='ocrx_word' id='word_1_300' title='bbox 916 3334 993 3379; x_wconf 85' lang='lat' dir='ltr'>eoi</span> <span class='ocrx_word' id='word_1_301' title='bbox 1023 3334 1163 3379; x_wconf 90' lang='lat' dir='ltr'>codd.</span> <span class='ocrx_word' id='word_1_302' title='bbox 1190 3331 1420 3386; x_wconf 77' lang='lat' dir='ltr'>migliori,</span> <span class='ocrx_word' id='word_1_303' title='bbox 1447 3345 1540 3386; x_wconf 87' lang='lat' dir='ltr'>per</span> <span class='ocrx_word' id='word_1_304' title='bbox 1574 3331 1806 3377; x_wconf 80' lang='lat' dir='ltr'>Thracia</span> <span class='ocrx_word' id='word_1_305' title='bbox 1832 3333 1942 3377; x_wconf 83' lang='lat' dir='ltr'>tela</span> <span class='ocrx_word' id='word_1_306' title='bbox 1969 3331 2058 3377; x_wconf 88' lang='lat' dir='ltr'>che</span> <span class='ocrx_word' id='word_1_307' title='bbox 2088 3331 2129 3377; x_wconf 86' lang='lat' dir='ltr'>si</span> <span class='ocrx_word' id='word_1_308' title='bbox 2147 3331 2292 3385; x_wconf 87' lang='grc'><strong>16336</strong></span> <span class='ocrx_word' id='word_1_309' title='bbox 2312 3332 2523 3376; x_wconf 80' lang='lat' dir='ltr'>altrove.</span> 
     </span>
    </p>

    <p class='ocr_par' dir='ltr' id='par_1_10' title="bbox 480 3402 1833 3459">
     <span class='ocr_line' id='line_1_37' title="bbox 480 3402 1833 3459; baseline -0.004 -5"><span class='ocrx_word' id='word_1_310' title='bbox 480 3411 548 3454; x_wconf 85' lang='lat'>23.</span> <span class='ocrx_word' id='word_1_311' title='bbox 577 3408 723 3459; x_wconf 77' lang='lat' dir='ltr'>scit,</span> <span class='ocrx_word' id='word_1_312' title='bbox 752 3406 856 3451; x_wconf 89' lang='lat' dir='ltr'>scil.</span> <span class='ocrx_word' id='word_1_313' title='bbox 884 3405 1057 3449; x_wconf 78' lang='lat' dir='ltr'>Musa.</span> <span class='ocrx_word' id='word_1_314' title='bbox 1084 3428 1138 3436; x_wconf 89' lang='lat'>-—</span> <span class='ocrx_word' id='word_1_315' title='bbox 1167 3417 1363 3457; x_wconf 84' lang='lat' dir='ltr'>error,</span> <span class='ocrx_word' id='word_1_316' title='bbox 1391 3416 1415 3447; x_wconf 89' lang='lat'><strong>&lt;</strong></span> <span class='ocrx_word' id='word_1_317' title='bbox 1445 3402 1769 3456; x_wconf 72' lang='lat' dir='ltr'>imprudenza</span> <span class='ocrx_word' id='word_1_318' title='bbox 1793 3413 1833 3448; x_wconf 84' lang='lat'>›.</span> 
     </span>
    </p>

    <p class='ocr_par' dir='ltr' id='par_1_11' title="bbox 374 3472 2522 3602">
     <span class='ocr_line' id='line_1_38' title="bbox 482 3472 2522 3534; baseline -0.004 -9"><span class='ocrx_word' id='word_1_319' title='bbox 482 3483 554 3530; x_wconf 85' lang='grc'>25.</span> <span class='ocrx_word' id='word_1_320' title='bbox 579 3490 808 3534; x_wconf 77' lang='lat' dir='ltr'>aequa,</span> <span class='ocrx_word' id='word_1_321' title='bbox 835 3477 939 3522; x_wconf 90' lang='lat' dir='ltr'>scil.</span> <span class='ocrx_word' id='word_1_322' title='bbox 966 3475 1141 3530; x_wconf 78' lang='lat' dir='ltr'>Musa,</span> <span class='ocrx_word' id='word_1_323' title='bbox 1172 3488 1196 3519; x_wconf 89' lang='lat'><strong>&lt;</strong></span> <span class='ocrx_word' id='word_1_324' title='bbox 1224 3473 1456 3527; x_wconf 84' lang='lat' dir='ltr'>benigna,</span> <span class='ocrx_word' id='word_1_325' title='bbox 1476 3474 1693 3518; x_wconf 80' lang='lat' dir='ltr'>salutare</span> <span class='ocrx_word' id='word_1_326' title='bbox 1722 3483 1832 3518; x_wconf 85' lang='lat'>›.-</span> <span class='ocrx_word' id='word_1_327' title='bbox 1857 3474 1970 3520; x_wconf 80' lang='lat' dir='ltr'>hoe</span> <span class='ocrx_word' id='word_1_328' title='bbox 2005 3473 2160 3528; x_wconf 72' lang='lat' dir='ltr'>ipso,</span> <span class='ocrx_word' id='word_1_329' title='bbox 2187 3486 2211 3517; x_wconf 89' lang='lat'><strong>&lt;</strong></span> <span class='ocrx_word' id='word_1_330' title='bbox 2240 3485 2331 3518; x_wconf 84' lang='lat' dir='ltr'>con</span> <span class='ocrx_word' id='word_1_331' title='bbox 2351 3472 2522 3527; x_wconf 83' lang='lat' dir='ltr'>quello</span> 
     </span>
     <span class='ocr_line' id='line_1_39' title="bbox 374 3544 1459 3602; baseline -0.008 -4"><span class='ocrx_word' id='word_1_332' title='bbox 374 3555 534 3598; x_wconf 77' lang='lat' dir='ltr'>stesso</span> <span class='ocrx_word' id='word_1_333' title='bbox 563 3560 728 3594; x_wconf 91' lang='lat' dir='ltr'>mezzo</span> <span class='ocrx_word' id='word_1_334' title='bbox 757 3550 977 3602; x_wconf 83' lang='lat' dir='ltr'>appunto</span> <span class='ocrx_word' id='word_1_335' title='bbox 1007 3556 1047 3600; x_wconf 79' lang='lat'>›‚</span> <span class='ocrx_word' id='word_1_336' title='bbox 1073 3545 1180 3591; x_wconf 74' lang='lat' dir='ltr'>oioe</span> <span class='ocrx_word' id='word_1_337' title='bbox 1210 3545 1285 3591; x_wconf 88' lang='lat' dir='ltr'>coi</span> <span class='ocrx_word' id='word_1_338' title='bbox 1312 3544 1459 3590; x_wconf 84' lang='lat' dir='ltr'>versi.</span> 
     </span>
    </p>

    <p class='ocr_par' dir='ltr' id='par_1_12' title="bbox 375 3613 2524 3742">
     <span class='ocr_line' id='line_1_40' title="bbox 481 3613 2524 3673; baseline -0.005 -6"><span class='ocrx_word' id='word_1_339' title='bbox 481 3623 548 3667; x_wconf 84' lang='lat'>26.</span> <span class='ocrx_word' id='word_1_340' title='bbox 594 3633 755 3673; x_wconf 81' lang='lat' dir='ltr'>cum,</span> <span class='ocrx_word' id='word_1_341' title='bbox 801 3630 827 3662; x_wconf 88' lang='lat'>‹</span> <span class='ocrx_word' id='word_1_342' title='bbox 866 3617 1065 3671; x_wconf 80' lang='lat' dir='ltr'>quando</span> <span class='ocrx_word' id='word_1_343' title='bbox 1108 3627 1147 3661; x_wconf 86' lang='lat'>›.</span> <span class='ocrx_word' id='word_1_344' title='bbox 1186 3639 1243 3649; x_wconf 88' lang='lat'>--</span> <span class='ocrx_word' id='word_1_345' title='bbox 1279 3617 1492 3662; x_wconf 77' lang='lat' dir='ltr'>iuncti</span> <span class='ocrx_word' id='word_1_346' title='bbox 1545 3615 1872 3670; x_wconf 77' lang='lat' dir='ltr'>criminis,</span> <span class='ocrx_word' id='word_1_347' title='bbox 1901 3614 1979 3660; x_wconf 88' lang='lat' dir='ltr'>coi</span> <span class='ocrx_word' id='word_1_348' title='bbox 2006 3614 2148 3659; x_wconf 68' lang='lat' dir='ltr'>codd.</span> <span class='ocrx_word' id='word_1_349' title='bbox 2174 3613 2401 3668; x_wconf 77' lang='lat' dir='ltr'>migliori‚</span> <span class='ocrx_word' id='word_1_350' title='bbox 2427 3625 2524 3666; x_wconf 83' lang='lat' dir='ltr'>per</span> 
     </span>
     <span class='ocr_line' id='line_1_41' title="bbox 375 3685 1934 3742; baseline -0.004 -5"><span class='ocrx_word' id='word_1_351' title='bbox 375 3691 617 3737; x_wconf 80' lang='lat' dir='ltr'>adiuncti</span> <span class='ocrx_word' id='word_1_352' title='bbox 645 3701 715 3734; x_wconf 81' lang='lat' dir='ltr'>cr.</span> <span class='ocrx_word' id='word_1_353' title='bbox 743 3688 823 3732; x_wconf 87' lang='lat' dir='ltr'>del</span> <span class='ocrx_word' id='word_1_354' title='bbox 852 3688 935 3732; x_wconf 85' lang='lat' dir='ltr'>V.:</span> <span class='ocrx_word' id='word_1_355' title='bbox 965 3700 991 3732; x_wconf 88' lang='lat'>‹</span> <span class='ocrx_word' id='word_1_356' title='bbox 1019 3701 1110 3742; x_wconf 92' lang='lat' dir='ltr'>per</span> <span class='ocrx_word' id='word_1_357' title='bbox 1139 3686 1426 3741; x_wconf 60' lang='lat' dir='ltr'>complicita</span> <span class='ocrx_word' id='word_1_358' title='bbox 1452 3687 1534 3731; x_wconf 87' lang='lat' dir='ltr'>nel</span> <span class='ocrx_word' id='word_1_359' title='bbox 1561 3685 1659 3731; x_wconf 85' lang='lat' dir='ltr'>mio</span> <span class='ocrx_word' id='word_1_360' title='bbox 1689 3685 1861 3732; x_wconf 86' lang='lat' dir='ltr'>delitto</span> <span class='ocrx_word' id='word_1_361' title='bbox 1890 3696 1934 3730; x_wconf 86' lang='lat'>›.</span> 
     </span>
    </p>

    <p class='ocr_par' dir='ltr' id='par_1_13' title="bbox 481 3758 1309 3812">
     <span class='ocr_line' id='line_1_42' title="bbox 481 3758 1309 3812; baseline -0.007 -5"><span class='ocrx_word' id='word_1_362' title='bbox 481 3764 550 3807; x_wconf 86' lang='grc'>27.</span> <span class='ocrx_word' id='word_1_363' title='bbox 575 3760 827 3812; x_wconf 81' lang='lat' dir='ltr'>vellem,</span> <span class='ocrx_word' id='word_1_364' title='bbox 855 3770 881 3802; x_wconf 88' lang='lat'>‹</span> <span class='ocrx_word' id='word_1_365' title='bbox 909 3758 1051 3804; x_wconf 67' lang='lat' dir='ltr'>avrei’</span> <span class='ocrx_word' id='word_1_366' title='bbox 1072 3758 1240 3807; x_wconf 83' lang='lat' dir='ltr'>voluto</span> <span class='ocrx_word' id='word_1_367' title='bbox 1271 3768 1309 3801; x_wconf 90' lang='lat'>›.</span> 
     </span>
    </p>

    <p class='ocr_par' dir='ltr' id='par_1_14' title="bbox 372 3822 2515 3951">
     <span class='ocr_line' id='line_1_43' title="bbox 481 3822 2515 3882; baseline -0.004 -7"><span class='ocrx_word' id='word_1_368' title='bbox 481 3832 548 3875; x_wconf 82' lang='lat'>28.</span> <span class='ocrx_word' id='word_1_369' title='bbox 578 3829 912 3873; x_wconf 80' lang='lat' dir='ltr'>Pieridum</span> <span class='ocrx_word' id='word_1_370' title='bbox 957 3829 1198 3882; x_wconf 76' lang='lat' dir='ltr'>sacris,</span> <span class='ocrx_word' id='word_1_371' title='bbox 1240 3840 1264 3871; x_wconf 88' lang='lat'><strong>&lt;</strong></span> <span class='ocrx_word' id='word_1_372' title='bbox 1294 3840 1411 3871; x_wconf 82' lang='lat' dir='ltr'>aver</span> <span class='ocrx_word' id='word_1_373' title='bbox 1439 3831 1584 3882; x_wconf 91' lang='lat' dir='ltr'>posto</span> <span class='ocrx_word' id='word_1_374' title='bbox 1620 3840 1765 3872; x_wconf 76' lang='lat' dir='ltr'>mano</span> <span class='ocrx_word' id='word_1_375' title='bbox 1797 3825 1844 3871; x_wconf 84' lang='lat' dir='ltr'>ai</span> <span class='ocrx_word' id='word_1_376' title='bbox 1873 3825 2084 3871; x_wconf 78' lang='lat' dir='ltr'>saorifizi</span> <span class='ocrx_word' id='word_1_377' title='bbox 2126 3825 2255 3872; x_wconf 88' lang='lat' dir='ltr'>delle</span> <span class='ocrx_word' id='word_1_378' title='bbox 2283 3824 2437 3877; x_wconf 84' lang='lat' dir='ltr'>Muse,</span> <span class='ocrx_word' id='word_1_379' title='bbox 2465 3822 2515 3866; x_wconf 81' lang='grc'>81</span> 
     </span>
     <span class='ocr_line' id='line_1_44' title="bbox 372 3898 940 3951; baseline 0 -8"><span class='ocrx_word' id='word_1_380' title='bbox 372 3899 508 3943; x_wconf 80' lang='lat' dir='ltr'>culto</span> <span class='ocrx_word' id='word_1_381' title='bbox 538 3898 673 3942; x_wconf 79' lang='lat' dir='ltr'>della</span> <span class='ocrx_word' id='word_1_382' title='bbox 699 3899 874 3951; x_wconf 79' lang='lat' dir='ltr'>poesia</span> <span class='ocrx_word' id='word_1_383' title='bbox 901 3909 940 3943; x_wconf 86' lang='lat'>›.</span> 
     </span>
    </p>
   </div>
   <div class='ocr_carea' id='block_1_4' title="bbox 2105 0 2812 272">
    <p class='ocr_par' dir='ltr' id='par_1_15' title="bbox 2105 0 2812 272">
     <span class='ocr_line' id='line_1_45' title="bbox 2105 0 2812 272; baseline 0 4192"><span class='ocrx_word' id='word_1_384' title='bbox 2105 0 2812 272; x_wconf 95' lang='lat' dir='ltr'> </span> 
     </span>
    </p>
   </div>
   <div class='ocr_carea' id='block_1_5' title="bbox 2802 2155 2809 3868">
    <p class='ocr_par' dir='ltr' id='par_1_16' title="bbox 2802 2155 2809 3868">
     <span class='ocr_line' id='line_1_46' title="bbox 2802 2155 2809 3868; baseline 0 0"><span class='ocrx_word' id='word_1_385' title='bbox 2802 2155 2809 3868; x_wconf 95' lang='lat' dir='ltr'> </span> 
     </span>
    </p>
   </div>
  </div>
 </body>
</html>
