<?xml version="1.0" encoding="UTF-8"?>
<!DOCTYPE html PUBLIC "-//W3C//DTD XHTML 1.0 Transitional//EN"
    "http://www.w3.org/TR/xhtml1/DTD/xhtml1-transitional.dtd">
<html xmlns="http://www.w3.org/1999/xhtml" xml:lang="en" lang="en">
 <head>
  <title>
</title>
<meta http-equiv="Content-Type" content="text/html;charset=utf-8" />
  <meta name='ocr-system' content='tesseract 3.04.00' />
  <meta name='ocr-capabilities' content='ocr_page ocr_carea ocr_par ocr_line ocrx_word'/>
</head>
<body>
  <div class='ocr_page' id='page_1' title='image "./povidinasonistr00enrigoog_0141.png"; bbox 0 0 2840 4464; ppageno 0'>
   <div class='ocr_carea' id='block_1_1' title="bbox 7 35 677 82">
    <p class='ocr_par' dir='ltr' id='par_1_1' title="bbox 7 35 677 82">
     <span class='ocr_line' id='line_1_1' title="bbox 7 35 677 55; baseline 0 0"><span class='ocrx_word' id='word_1_1' title='bbox 7 35 51 55; x_wconf 37' lang='grc' dir='ltr'>*μ’</span> <span class='ocrx_word' id='word_1_2' title='bbox 240 41 259 55; x_wconf 70' lang='grc' dir='ltr'>-ι</span> <span class='ocrx_word' id='word_1_3' title='bbox 670 46 677 55; x_wconf 74' lang='grc' dir='ltr'><em>ι</em></span> 
     </span>
     <span class='ocr_line' id='line_1_2' title="bbox 30 53 304 82; baseline 0 -1"><span class='ocrx_word' id='word_1_4' title='bbox 30 76 38 77; x_wconf 31' lang='lat' dir='ltr'><em>ff</em></span> <span class='ocrx_word' id='word_1_5' title='bbox 57 53 107 81; x_wconf 29' lang='lat'>⁶2⁷*</span> <span class='ocrx_word' id='word_1_6' title='bbox 123 74 144 82; x_wconf 69' lang='grc'>-.</span> <span class='ocrx_word' id='word_1_7' title='bbox 166 60 197 80; x_wconf 52' lang='grc' dir='ltr'>ψ,</span> <span class='ocrx_word' id='word_1_8' title='bbox 284 54 304 62; x_wconf 58' lang='lat' dir='ltr'><em>a</em></span> 
     </span>
    </p>
   </div>
   <div class='ocr_carea' id='block_1_2' title="bbox 1194 226 1588 295">
    <p class='ocr_par' dir='ltr' id='par_1_2' title="bbox 1194 226 1588 295">
     <span class='ocr_line' id='line_1_3' title="bbox 1194 226 1588 295; baseline 0.003 -13"><span class='ocrx_word' id='word_1_9' title='bbox 1194 241 1384 282; x_wconf 74' lang='lat' dir='ltr'>LIBER</span> <span class='ocrx_word' id='word_1_10' title='bbox 1422 241 1505 295; x_wconf 79' lang='lat' dir='ltr'>lv,</span> <span class='ocrx_word' id='word_1_11' title='bbox 1543 226 1588 283; x_wconf 88' lang='lat'>1.</span> 
     </span>
    </p>
   </div>
   <div class='ocr_carea' id='block_1_3' title="bbox 492 344 1723 2150">
    <p class='ocr_par' dir='ltr' id='par_1_3' title="bbox 492 344 1723 2150">
     <span class='ocr_line' id='line_1_4' title="bbox 492 344 1723 430; baseline 0.001 -21"><span class='ocrx_word' id='word_1_12' title='bbox 492 344 612 410; x_wconf 92' lang='lat' dir='ltr'>Sed</span> <span class='ocrx_word' id='word_1_13' title='bbox 656 363 821 410; x_wconf 90' lang='lat' dir='ltr'>nunc</span> <span class='ocrx_word' id='word_1_14' title='bbox 863 345 1009 430; x_wconf 88' lang='lat' dir='ltr'>quid</span> <span class='ocrx_word' id='word_1_15' title='bbox 1054 344 1307 411; x_wconf 82' lang='lat' dir='ltr'>faciam?</span> <span class='ocrx_word' id='word_1_16' title='bbox 1353 345 1447 411; x_wconf 89' lang='lat' dir='ltr'>vis</span> <span class='ocrx_word' id='word_1_17' title='bbox 1490 366 1591 412; x_wconf 90' lang='lat' dir='ltr'>me</span> <span class='ocrx_word' id='word_1_18' title='bbox 1636 356 1723 412; x_wconf 76' lang='lat' dir='ltr'>tet</span> 
     </span>
     <span class='ocr_line' id='line_1_5' title="bbox 577 447 1723 526; baseline 0 -13"><span class='ocrx_word' id='word_1_19' title='bbox 577 457 638 513; x_wconf 90' lang='lat' dir='ltr'>et</span> <span class='ocrx_word' id='word_1_20' title='bbox 679 467 928 512; x_wconf 77' lang='lat' dir='ltr'>carmen</span> <span class='ocrx_word' id='word_1_21' title='bbox 971 447 1243 526; x_wconf 79' lang='lat' dir='ltr'>demenS‚</span> <span class='ocrx_word' id='word_1_22' title='bbox 1289 448 1563 515; x_wconf 81' lang='lat' dir='ltr'>carmine</span> <span class='ocrx_word' id='word_1_23' title='bbox 1606 450 1723 514; x_wconf 83' lang='lat' dir='ltr'>laes</span> 
     </span>
     <span class='ocr_line' id='line_1_6' title="bbox 493 548 1723 637; baseline 0.002 -24"><span class='ocrx_word' id='word_1_24' title='bbox 493 548 591 614; x_wconf 92' lang='lat' dir='ltr'>Sic</span> <span class='ocrx_word' id='word_1_25' title='bbox 633 549 794 614; x_wconf 73' lang='grc' dir='ltr'><strong>110νὲ</strong></span> <span class='ocrx_word' id='word_1_26' title='bbox 832 548 1119 616; x_wconf 90' lang='lat' dir='ltr'>Dulichio</span> <span class='ocrx_word' id='word_1_27' title='bbox 1164 552 1316 616; x_wconf 84' lang='lat' dir='ltr'>lotos</span> <span class='ocrx_word' id='word_1_28' title='bbox 1359 560 1595 637; x_wconf 84' lang='lat' dir='ltr'>gustata</span> <span class='ocrx_word' id='word_1_29' title='bbox 1639 552 1723 636; x_wconf 83' lang='lat' dir='ltr'>pa]</span> 
     </span>
     <span class='ocr_line' id='line_1_7' title="bbox 575 651 1720 743; baseline 0.003 -28"><span class='ocrx_word' id='word_1_30' title='bbox 575 651 702 729; x_wconf 90' lang='lat' dir='ltr'>illo,</span> <span class='ocrx_word' id='word_1_31' title='bbox 750 671 869 737; x_wconf 89' lang='lat' dir='ltr'>quo</span> <span class='ocrx_word' id='word_1_32' title='bbox 915 652 1137 730; x_wconf 81' lang='lat' dir='ltr'>nocuit,</span> <span class='ocrx_word' id='word_1_33' title='bbox 1182 652 1352 739; x_wconf 63' lang='lat' dir='ltr'>grata</span> <span class='ocrx_word' id='word_1_34' title='bbox 1390 673 1613 743; x_wconf 18' lang='lat' dir='ltr'>‘sapore</span> <span class='ocrx_word' id='word_1_35' title='bbox 1656 653 1720 718; x_wconf 86' lang='lat' dir='ltr'>fu</span> 
     </span>
     <span class='ocr_line' id='line_1_8' title="bbox 494 752 1723 833; baseline 0.002 -15"><span class='ocrx_word' id='word_1_36' title='bbox 494 752 692 820; x_wconf 80' lang='lat' dir='ltr'><strong>Sentit</strong></span> <span class='ocrx_word' id='word_1_37' title='bbox 735 774 948 819; x_wconf 88' lang='lat' dir='ltr'>amans</span> <span class='ocrx_word' id='word_1_38' title='bbox 991 775 1100 821; x_wconf 91' lang='lat' dir='ltr'>sua</span> <span class='ocrx_word' id='word_1_39' title='bbox 1144 753 1368 820; x_wconf 89' lang='lat' dir='ltr'>damna</span> <span class='ocrx_word' id='word_1_40' title='bbox 1412 754 1559 833; x_wconf 85' lang='lat' dir='ltr'>fere,</span> <span class='ocrx_word' id='word_1_41' title='bbox 1606 765 1723 821; x_wconf 91' lang='lat' dir='ltr'>tam</span> 
     </span>
     <span class='ocr_line' id='line_1_9' title="bbox 578 855 1711 942; baseline 0.002 -22"><span class='ocrx_word' id='word_1_42' title='bbox 578 855 900 921; x_wconf 80' lang='lat' dir='ltr'><strong>materiam</strong></span> <span class='ocrx_word' id='word_1_43' title='bbox 943 858 1158 942; x_wconf 89' lang='lat' dir='ltr'>culpae</span> <span class='ocrx_word' id='word_1_44' title='bbox 1202 855 1711 942; x_wconf 69' lang='lat' dir='ltr'>persequiturque</span> 
     </span>
     <span class='ocr_line' id='line_1_10' title="bbox 492 956 1723 1044; baseline 0.001 -22"><span class='ocrx_word' id='word_1_45' title='bbox 492 956 610 1022; x_wconf 91' lang='lat' dir='ltr'>Nos</span> <span class='ocrx_word' id='word_1_46' title='bbox 654 979 897 1044; x_wconf 88' lang='lat' dir='ltr'>quoque</span> <span class='ocrx_word' id='word_1_47' title='bbox 939 959 1260 1036; x_wconf 89' lang='lat' dir='ltr'>delectant,</span> <span class='ocrx_word' id='word_1_48' title='bbox 1306 959 1587 1044; x_wconf 89' lang='lat' dir='ltr'>quamvis</span> <span class='ocrx_word' id='word_1_49' title='bbox 1631 980 1723 1025; x_wconf 82' lang='grc'><strong>110(</strong></span> 
     </span>
     <span class='ocr_line' id='line_1_11' title="bbox 582 1059 1723 1145; baseline -0.001 -20"><span class='ocrx_word' id='word_1_50' title='bbox 582 1059 866 1145; x_wconf 84' lang='lat' dir='ltr'>quodque</span> <span class='ocrx_word' id='word_1_51' title='bbox 909 1060 1067 1125; x_wconf 89' lang='lat' dir='ltr'>mihi</span> <span class='ocrx_word' id='word_1_52' title='bbox 1111 1062 1303 1126; x_wconf 90' lang='lat' dir='ltr'>telum</span> <span class='ocrx_word' id='word_1_53' title='bbox 1348 1063 1609 1127; x_wconf 85' lang='lat' dir='ltr'>vulnera</span> <span class='ocrx_word' id='word_1_54' title='bbox 1654 1060 1723 1126; x_wconf 72' lang='lat' dir='ltr'>fe«</span> 
     </span>
     <span class='ocr_line' id='line_1_12' title="bbox 494 1160 1689 1248; baseline 0.002 -22"><span class='ocrx_word' id='word_1_55' title='bbox 494 1160 768 1227; x_wconf 81' lang='lat' dir='ltr'>Forsitan</span> <span class='ocrx_word' id='word_1_56' title='bbox 815 1163 929 1228; x_wconf 92' lang='lat' dir='ltr'>hoc</span> <span class='ocrx_word' id='word_1_57' title='bbox 970 1161 1240 1228; x_wconf 87' lang='lat' dir='ltr'>studium</span> <span class='ocrx_word' id='word_1_58' title='bbox 1284 1163 1474 1248; x_wconf 86' lang='lat' dir='ltr'>possit</span> <span class='ocrx_word' id='word_1_59' title='bbox 1517 1163 1689 1228; x_wconf 79' lang='lat' dir='ltr'>furor</span> 
     </span>
     <span class='ocr_line' id='line_1_13' title="bbox 581 1264 1705 1350; baseline 0.003 -22"><span class='ocrx_word' id='word_1_60' title='bbox 581 1264 687 1330; x_wconf 89' lang='lat' dir='ltr'>sed</span> <span class='ocrx_word' id='word_1_61' title='bbox 730 1264 1022 1350; x_wconf 85' lang='lat' dir='ltr'>quiddam</span> <span class='ocrx_word' id='word_1_62' title='bbox 1067 1265 1240 1331; x_wconf 78' lang='lat' dir='ltr'>furor</span> <span class='ocrx_word' id='word_1_63' title='bbox 1283 1265 1382 1330; x_wconf 90' lang='lat' dir='ltr'>hic</span> <span class='ocrx_word' id='word_1_64' title='bbox 1426 1264 1705 1331; x_wconf 85' lang='lat' dir='ltr'>utilitatis</span> 
     </span>
     <span class='ocr_line' id='line_1_14' title="bbox 498 1366 1723 1453; baseline 0.002 -22"><span class='ocrx_word' id='word_1_65' title='bbox 498 1366 755 1453; x_wconf 81' lang='lat' dir='ltr'>Semper</span> <span class='ocrx_word' id='word_1_66' title='bbox 798 1368 863 1433; x_wconf 90' lang='lat' dir='ltr'>in</span> <span class='ocrx_word' id='word_1_67' title='bbox 908 1368 1123 1434; x_wconf 89' lang='lat' dir='ltr'>obtutu</span> <span class='ocrx_word' id='word_1_68' title='bbox 1167 1378 1440 1433; x_wconf 85' lang='lat' dir='ltr'>mentem</span> <span class='ocrx_word' id='word_1_69' title='bbox 1485 1378 1648 1433; x_wconf 89' lang='lat' dir='ltr'>vetat</span> <span class='ocrx_word' id='word_1_70' title='bbox 1691 1389 1723 1433; x_wconf 92' lang='lat' dir='ltr'>e</span> 
     </span>
     <span class='ocr_line' id='line_1_15' title="bbox 579 1469 1723 1555; baseline 0.001 -21"><span class='ocrx_word' id='word_1_71' title='bbox 579 1469 919 1554; x_wconf 87' lang='lat' dir='ltr'>praesentis</span> <span class='ocrx_word' id='word_1_72' title='bbox 962 1490 1132 1536; x_wconf 88' lang='lat' dir='ltr'>casus</span> <span class='ocrx_word' id='word_1_73' title='bbox 1175 1469 1723 1555; x_wconf 69' lang='lat' dir='ltr'>immemoremque</span> 
     </span>
     <span class='ocr_line' id='line_1_16' title="bbox 497 1569 1723 1655; baseline 0.001 -19"><span class='ocrx_word' id='word_1_74' title='bbox 497 1569 693 1655; x_wconf 84' lang='lat' dir='ltr'>thue</span> <span class='ocrx_word' id='word_1_75' title='bbox 737 1592 915 1638; x_wconf 88' lang='lat' dir='ltr'>suum</span> <span class='ocrx_word' id='word_1_76' title='bbox 959 1571 1188 1637; x_wconf 87' lang='lat' dir='ltr'>Bacche</span> <span class='ocrx_word' id='word_1_77' title='bbox 1232 1591 1357 1636; x_wconf 91' lang='lat' dir='ltr'>non</span> <span class='ocrx_word' id='word_1_78' title='bbox 1403 1572 1586 1637; x_wconf 81' lang='lat' dir='ltr'>sentit</span> <span class='ocrx_word' id='word_1_79' title='bbox 1629 1592 1723 1637; x_wconf 88' lang='lat' dir='ltr'>sau</span> 
     </span>
     <span class='ocr_line' id='line_1_17' title="bbox 583 1673 1723 1759; baseline -0.002 -21"><span class='ocrx_word' id='word_1_80' title='bbox 583 1673 732 1740; x_wconf 88' lang='lat' dir='ltr'>dum</span> <span class='ocrx_word' id='word_1_81' title='bbox 774 1683 977 1759; x_wconf 85' lang='lat' dir='ltr'>stupet</span> <span class='ocrx_word' id='word_1_82' title='bbox 1020 1673 1210 1740; x_wconf 79' lang='lat' dir='ltr'>Idaeis</span> <span class='ocrx_word' id='word_1_83' title='bbox 1254 1675 1566 1740; x_wconf 83' lang='lat' dir='ltr'>exululata</span> <span class='ocrx_word' id='word_1_84' title='bbox 1609 1693 1723 1738; x_wconf 83' lang='grc'><strong>1110(</strong></span> 
     </span>
     <span class='ocr_line' id='line_1_18' title="bbox 499 1775 1723 1862; baseline -0.002 -22"><span class='ocrx_word' id='word_1_85' title='bbox 499 1775 584 1841; x_wconf 88' lang='lat' dir='ltr'>sic</span> <span class='ocrx_word' id='word_1_86' title='bbox 624 1777 726 1842; x_wconf 91' lang='lat' dir='ltr'>ubi</span> <span class='ocrx_word' id='word_1_87' title='bbox 773 1777 938 1842; x_wconf 70' lang='lat' dir='ltr'>mota</span> <span class='ocrx_word' id='word_1_88' title='bbox 980 1779 1179 1842; x_wconf 89' lang='lat' dir='ltr'>calent</span> <span class='ocrx_word' id='word_1_89' title='bbox 1223 1776 1408 1842; x_wconf 88' lang='lat' dir='ltr'>viridi</span> <span class='ocrx_word' id='word_1_90' title='bbox 1454 1797 1592 1858; x_wconf 88' lang='lat' dir='ltr'>mea</span> <span class='ocrx_word' id='word_1_91' title='bbox 1634 1796 1723 1862; x_wconf 71' lang='lat' dir='ltr'>pe«</span> 
     </span>
     <span class='ocr_line' id='line_1_19' title="bbox 585 1879 1723 1964; baseline 0.001 -22"><span class='ocrx_word' id='word_1_92' title='bbox 585 1879 764 1943; x_wconf 81' lang='lat' dir='ltr'>altior</span> <span class='ocrx_word' id='word_1_93' title='bbox 808 1879 1080 1945; x_wconf 90' lang='lat' dir='ltr'>humano</span> <span class='ocrx_word' id='word_1_94' title='bbox 1123 1879 1374 1964; x_wconf 83' lang='lat' dir='ltr'>spiritus</span> <span class='ocrx_word' id='word_1_95' title='bbox 1417 1879 1525 1944; x_wconf 89' lang='lat' dir='ltr'>ille</span> <span class='ocrx_word' id='word_1_96' title='bbox 1568 1879 1723 1943; x_wconf 85' lang='lat' dir='ltr'>malo</span> 
     </span>
     <span class='ocr_line' id='line_1_20' title="bbox 499 1979 1723 2067; baseline 0.002 -24"><span class='ocrx_word' id='word_1_97' title='bbox 499 1979 607 2047; x_wconf 87' lang='lat' dir='ltr'>Ille</span> <span class='ocrx_word' id='word_1_98' title='bbox 649 2000 760 2047; x_wconf 90' lang='lat' dir='ltr'>nec</span> <span class='ocrx_word' id='word_1_99' title='bbox 803 1981 1107 2058; x_wconf 87' lang='lat' dir='ltr'>exsilium,</span> <span class='ocrx_word' id='word_1_100' title='bbox 1155 1980 1417 2067; x_wconf 84' lang='lat' dir='ltr'>Scythici</span> <span class='ocrx_word' id='word_1_101' title='bbox 1464 2000 1575 2046; x_wconf 90' lang='lat' dir='ltr'>nec</span> <span class='ocrx_word' id='word_1_102' title='bbox 1616 1981 1723 2045; x_wconf 91' lang='lat' dir='ltr'>lito</span> 
     </span>
     <span class='ocr_line' id='line_1_21' title="bbox 585 2083 1723 2150; baseline 0 -2"><span class='ocrx_word' id='word_1_103' title='bbox 585 2084 691 2148; x_wconf 92' lang='lat' dir='ltr'>ille</span> <span class='ocrx_word' id='word_1_104' title='bbox 735 2103 847 2150; x_wconf 90' lang='lat' dir='ltr'>nec</span> <span class='ocrx_word' id='word_1_105' title='bbox 891 2084 1075 2150; x_wconf 80' lang='lat' dir='ltr'>iratos</span> <span class='ocrx_word' id='word_1_106' title='bbox 1119 2084 1304 2149; x_wconf 87' lang='lat' dir='ltr'>sentit</span> <span class='ocrx_word' id='word_1_107' title='bbox 1351 2083 1579 2149; x_wconf 85' lang='lat' dir='ltr'>habere</span> <span class='ocrx_word' id='word_1_108' title='bbox 1622 2083 1723 2148; x_wconf 80' lang='lat' dir='ltr'>dec</span> 
     </span>
    </p>
   </div>
   <div class='ocr_carea' id='block_1_4' title="bbox 327 2390 1723 3997">
    <p class='ocr_par' dir='ltr' id='par_1_4' title="bbox 437 2390 1723 2446">
     <span class='ocr_line' id='line_1_22' title="bbox 437 2390 1723 2446; baseline 0.001 -12"><span class='ocrx_word' id='word_1_109' title='bbox 437 2391 506 2435; x_wconf 84' lang='lat'>29.</span> <span class='ocrx_word' id='word_1_110' title='bbox 532 2403 892 2446; x_wconf 74' lang='lat' dir='ltr'>sacrorum,</span> <span class='ocrx_word' id='word_1_111' title='bbox 922 2390 1000 2436; x_wconf 91' lang='lat' dir='ltr'>coi</span> <span class='ocrx_word' id='word_1_112' title='bbox 1029 2390 1172 2437; x_wconf 86' lang='lat' dir='ltr'>codd.</span> <span class='ocrx_word' id='word_1_113' title='bbox 1200 2390 1429 2445; x_wconf 80' lang='lat' dir='ltr'>migliori‚</span> <span class='ocrx_word' id='word_1_114' title='bbox 1457 2403 1548 2445; x_wconf 85' lang='lat' dir='ltr'>per</span> <span class='ocrx_word' id='word_1_115' title='bbox 1575 2403 1723 2435; x_wconf 74' lang='lat' dir='ltr'>soror</span> 
     </span>
    </p>

    <p class='ocr_par' dir='ltr' id='par_1_5' title="bbox 327 2460 1723 2718">
     <span class='ocr_line' id='line_1_23' title="bbox 435 2460 1723 2517; baseline -0.001 -11"><span class='ocrx_word' id='word_1_116' title='bbox 435 2462 502 2506; x_wconf 89' lang='lat'>31.</span> <span class='ocrx_word' id='word_1_117' title='bbox 529 2474 691 2507; x_wconf 80' lang='lat' dir='ltr'>nova</span> <span class='ocrx_word' id='word_1_118' title='bbox 713 2495 726 2515; x_wconf 89' lang='lat'><strong>‚</strong></span> <span class='ocrx_word' id='word_1_119' title='bbox 765 2461 950 2517; x_wconf 74' lang='lat' dir='ltr'>perche</span> <span class='ocrx_word' id='word_1_120' title='bbox 979 2462 1027 2507; x_wconf 94' lang='grc'>10</span> <span class='ocrx_word' id='word_1_121' title='bbox 1057 2466 1331 2515; x_wconf 77' lang='lat' dir='ltr'>gustavano</span> <span class='ocrx_word' id='word_1_122' title='bbox 1359 2474 1453 2516; x_wconf 85' lang='lat' dir='ltr'>per</span> <span class='ocrx_word' id='word_1_123' title='bbox 1494 2461 1545 2506; x_wconf 82' lang='lat' dir='ltr'>la</span> <span class='ocrx_word' id='word_1_124' title='bbox 1586 2460 1723 2516; x_wconf 51' lang='lat' dir='ltr'>primi</span> 
     </span>
     <span class='ocr_line' id='line_1_24' title="bbox 329 2530 1719 2587; baseline 0.001 -12"><span class='ocrx_word' id='word_1_125' title='bbox 329 2530 505 2586; x_wconf 76' lang='lat' dir='ltr'>pianta</span> <span class='ocrx_word' id='word_1_126' title='bbox 532 2531 622 2578; x_wconf 86' lang='lat' dir='ltr'>che</span> <span class='ocrx_word' id='word_1_127' title='bbox 651 2532 780 2578; x_wconf 83' lang='lat' dir='ltr'>colla</span> <span class='ocrx_word' id='word_1_128' title='bbox 808 2533 1038 2579; x_wconf 82' lang='lat' dir='ltr'>dolcezza</span> <span class='ocrx_word' id='word_1_129' title='bbox 1067 2532 1146 2577; x_wconf 89' lang='lat' dir='ltr'>del</span> <span class='ocrx_word' id='word_1_130' title='bbox 1186 2545 1277 2578; x_wconf 82' lang='lat' dir='ltr'>suo</span> <span class='ocrx_word' id='word_1_131' title='bbox 1320 2544 1499 2587; x_wconf 80' lang='lat' dir='ltr'>sapore</span> <span class='ocrx_word' id='word_1_132' title='bbox 1541 2532 1719 2577; x_wconf 78' lang='lat' dir='ltr'>faceva</span> 
     </span>
     <span class='ocr_line' id='line_1_25' title="bbox 327 2601 1723 2658; baseline 0.001 -12"><span class='ocrx_word' id='word_1_133' title='bbox 327 2601 543 2647; x_wconf 43' lang='lat' dir='ltr'>*d’Ulisse</span> <span class='ocrx_word' id='word_1_134' title='bbox 563 2603 615 2648; x_wconf 80' lang='lat' dir='ltr'>la</span> <span class='ocrx_word' id='word_1_135' title='bbox 639 2603 806 2657; x_wconf 79' lang='lat' dir='ltr'>patria</span> <span class='ocrx_word' id='word_1_136' title='bbox 831 2603 1050 2649; x_wconf 79' lang='lat' dir='ltr'>lontana.</span> <span class='ocrx_word' id='word_1_137' title='bbox 1075 2627 1129 2635; x_wconf 91' lang='lat'><em>-</em></span> <span class='ocrx_word' id='word_1_138' title='bbox 1153 2602 1489 2657; x_wconf 77' lang='lat' dir='ltr'>Dulichio,</span> <span class='ocrx_word' id='word_1_139' title='bbox 1515 2602 1700 2658; x_wconf 83' lang='lat' dir='ltr'>epiteto</span> <span class='ocrx_word' id='word_1_140' title='bbox 1721 2624 1723 2637; x_wconf 50' lang='grc' dir='ltr'>ι</span> 
     </span>
     <span class='ocr_line' id='line_1_26' title="bbox 332 2672 670 2718; baseline 0.003 -1"><span class='ocrx_word' id='word_1_141' title='bbox 332 2672 384 2717; x_wconf 92' lang='lat' dir='ltr'>di</span> <span class='ocrx_word' id='word_1_142' title='bbox 413 2673 483 2717; x_wconf 79' lang='lat' dir='ltr'>tal</span> <span class='ocrx_word' id='word_1_143' title='bbox 512 2686 670 2718; x_wconf 88' lang='lat' dir='ltr'>nome.</span> 
     </span>
    </p>

    <p class='ocr_par' dir='ltr' id='par_1_6' title="bbox 439 2745 1280 2800">
     <span class='ocr_line' id='line_1_27' title="bbox 439 2745 1280 2800; baseline 0.001 -12"><span class='ocrx_word' id='word_1_144' title='bbox 439 2746 507 2789; x_wconf 84' lang='lat'>32.</span> <span class='ocrx_word' id='word_1_145' title='bbox 533 2745 653 2790; x_wconf 83' lang='lat' dir='ltr'>illo</span> <span class='ocrx_word' id='word_1_146' title='bbox 681 2745 929 2791; x_wconf 80' lang='lat' dir='ltr'>concorda</span> <span class='ocrx_word' id='word_1_147' title='bbox 955 2758 1049 2791; x_wconf 88' lang='lat' dir='ltr'>con</span> <span class='ocrx_word' id='word_1_148' title='bbox 1075 2757 1280 2800; x_wconf 78' lang='lat' dir='ltr'>sapore.</span> 
     </span>
    </p>

    <p class='ocr_par' dir='ltr' id='par_1_7' title="bbox 439 2814 1721 2871">
     <span class='ocr_line' id='line_1_28' title="bbox 439 2814 1721 2871; baseline 0 -12"><span class='ocrx_word' id='word_1_149' title='bbox 439 2816 506 2859; x_wconf 84' lang='lat'>33.</span> <span class='ocrx_word' id='word_1_150' title='bbox 526 2816 675 2871; x_wconf 77' lang='lat' dir='ltr'>fere</span> <span class='ocrx_word' id='word_1_151' title='bbox 708 2815 775 2861; x_wconf 80' lang='lat' dir='ltr'>ha</span> <span class='ocrx_word' id='word_1_152' title='bbox 802 2829 946 2861; x_wconf 83' lang='lat' dir='ltr'>senso</span> <span class='ocrx_word' id='word_1_153' title='bbox 973 2815 1257 2869; x_wconf 82' lang='lat' dir='ltr'>restrittivo,</span> <span class='ocrx_word' id='word_1_154' title='bbox 1287 2828 1311 2859; x_wconf 89' lang='lat'><strong>&lt;</strong></span> <span class='ocrx_word' id='word_1_155' title='bbox 1341 2828 1371 2859; x_wconf 83' lang='lat' dir='ltr'>a</span> <span class='ocrx_word' id='word_1_156' title='bbox 1398 2828 1467 2861; x_wconf 90' lang='lat' dir='ltr'>un</span> <span class='ocrx_word' id='word_1_157' title='bbox 1494 2814 1721 2868; x_wconf 84' lang='lat' dir='ltr'>dipresso</span> 
     </span>
    </p>

    <p class='ocr_par' dir='ltr' id='par_1_8' title="bbox 333 2885 1698 3002">
     <span class='ocr_line' id='line_1_29' title="bbox 437 2885 1698 2941; baseline -0.002 -10"><span class='ocrx_word' id='word_1_158' title='bbox 437 2888 505 2931; x_wconf 87' lang='lat'>34.</span> <span class='ocrx_word' id='word_1_159' title='bbox 531 2888 900 2941; x_wconf 76' lang='lat' dir='ltr'>materiam,</span> <span class='ocrx_word' id='word_1_160' title='bbox 928 2900 952 2931; x_wconf 89' lang='lat'><strong>&lt;</strong></span> <span class='ocrx_word' id='word_1_161' title='bbox 979 2887 1032 2931; x_wconf 81' lang='lat' dir='ltr'>la</span> <span class='ocrx_word' id='word_1_162' title='bbox 1058 2885 1265 2939; x_wconf 78' lang='lat' dir='ltr'>cagione</span> <span class='ocrx_word' id='word_1_163' title='bbox 1294 2896 1335 2930; x_wconf 89' lang='lat'>›.</span> <span class='ocrx_word' id='word_1_164' title='bbox 1359 2907 1413 2918; x_wconf 91' lang='lat'>—</span> <span class='ocrx_word' id='word_1_165' title='bbox 1440 2885 1698 2939; x_wconf 75' lang='lat' dir='ltr'>culpae:</span> 
     </span>
     <span class='ocr_line' id='line_1_30' title="bbox 333 2955 952 3002; baseline 0 -1"><span class='ocrx_word' id='word_1_166' title='bbox 333 2960 495 3001; x_wconf 85' lang='lat' dir='ltr'>mente</span> <span class='ocrx_word' id='word_1_167' title='bbox 525 2970 556 3000; x_wconf 77' lang='lat' dir='ltr'>a</span> <span class='ocrx_word' id='word_1_168' title='bbox 585 2955 638 3002; x_wconf 74' lang='lat' dir='ltr'>se</span> <span class='ocrx_word' id='word_1_169' title='bbox 666 2957 952 3002; x_wconf 81' lang='lat' dir='ltr'>medesimo.</span> 
     </span>
    </p>

    <p class='ocr_par' dir='ltr' id='par_1_9' title="bbox 441 3026 1235 3082">
     <span class='ocr_line' id='line_1_31' title="bbox 441 3026 1235 3082; baseline 0.003 -12"><span class='ocrx_word' id='word_1_170' title='bbox 441 3028 509 3071; x_wconf 83' lang='lat'>37.</span> <span class='ocrx_word' id='word_1_171' title='bbox 535 3028 854 3082; x_wconf 73' lang='lat' dir='ltr'>studium,</span> <span class='ocrx_word' id='word_1_172' title='bbox 881 3040 905 3071; x_wconf 89' lang='lat'><strong>&lt;</strong></span> <span class='ocrx_word' id='word_1_173' title='bbox 932 3026 1166 3081; x_wconf 77' lang='lat' dir='ltr'>passione</span> <span class='ocrx_word' id='word_1_174' title='bbox 1195 3037 1235 3072; x_wconf 74' lang='lat'>›-</span> 
     </span>
    </p>

    <p class='ocr_par' dir='ltr' id='par_1_10' title="bbox 443 3096 1303 3152">
     <span class='ocr_line' id='line_1_32' title="bbox 443 3096 1303 3152; baseline -0.002 -9"><span class='ocrx_word' id='word_1_175' title='bbox 443 3100 510 3143; x_wconf 85' lang='lat'>38.</span> <span class='ocrx_word' id='word_1_176' title='bbox 537 3098 754 3151; x_wconf 77' lang='lat' dir='ltr'>habet,</span> <span class='ocrx_word' id='word_1_177' title='bbox 801 3110 825 3141; x_wconf 89' lang='grc'><strong>&lt;</strong></span> <span class='ocrx_word' id='word_1_178' title='bbox 851 3096 932 3152; x_wconf 77' lang='lat' dir='ltr'>ha,</span> <span class='ocrx_word' id='word_1_179' title='bbox 960 3097 1083 3143; x_wconf 79' lang='lat' dir='ltr'>offro</span> <span class='ocrx_word' id='word_1_180' title='bbox 1108 3110 1235 3151; x_wconf 85' lang='lat' dir='ltr'>pure</span> <span class='ocrx_word' id='word_1_181' title='bbox 1265 3106 1303 3141; x_wconf 84' lang='lat'>›.</span> 
     </span>
    </p>

    <p class='ocr_par' dir='ltr' id='par_1_11' title="bbox 441 3165 1723 3221">
     <span class='ocr_line' id='line_1_33' title="bbox 441 3165 1723 3221; baseline -0.002 -8"><span class='ocrx_word' id='word_1_182' title='bbox 441 3170 509 3213; x_wconf 88' lang='grc'>39.</span> <span class='ocrx_word' id='word_1_183' title='bbox 537 3169 784 3221; x_wconf 81' lang='lat' dir='ltr'>obtutu,</span> <span class='ocrx_word' id='word_1_184' title='bbox 812 3181 838 3213; x_wconf 88' lang='lat'>‹</span> <span class='ocrx_word' id='word_1_185' title='bbox 865 3168 981 3213; x_wconf 84' lang='lat' dir='ltr'>fisso</span> <span class='ocrx_word' id='word_1_186' title='bbox 1009 3168 1143 3213; x_wconf 82' lang='lat' dir='ltr'>nella</span> <span class='ocrx_word' id='word_1_187' title='bbox 1171 3165 1593 3220; x_wconf 81' lang='lat' dir='ltr'>contemplazione</span> <span class='ocrx_word' id='word_1_188' title='bbox 1624 3179 1653 3212; x_wconf 95' lang='lat' dir='ltr'>o</span> <span class='ocrx_word' id='word_1_189' title='bbox 1682 3180 1723 3210; x_wconf 91' lang='lat' dir='ltr'>m</span> 
     </span>
    </p>

    <p class='ocr_par' dir='ltr' id='par_1_12' title="bbox 334 3238 1723 3356">
     <span class='ocr_line' id='line_1_34' title="bbox 441 3238 1723 3294; baseline -0.002 -10"><span class='ocrx_word' id='word_1_190' title='bbox 441 3243 509 3284; x_wconf 88' lang='lat'>41.</span> <span class='ocrx_word' id='word_1_191' title='bbox 536 3239 810 3294; x_wconf 70' lang='grc' dir='ltr'>ΒαοοῙισ,</span> <span class='ocrx_word' id='word_1_192' title='bbox 849 3240 900 3284; x_wconf 81' lang='lat' dir='ltr'>la</span> <span class='ocrx_word' id='word_1_193' title='bbox 926 3238 1270 3284; x_wconf 79' lang='lat' dir='ltr'>sacerdotessa</span> <span class='ocrx_word' id='word_1_194' title='bbox 1299 3238 1349 3283; x_wconf 88' lang='lat' dir='ltr'>di</span> <span class='ocrx_word' id='word_1_195' title='bbox 1375 3238 1553 3283; x_wconf 78' lang='lat' dir='ltr'>Bacco.</span> <span class='ocrx_word' id='word_1_196' title='bbox 1583 3259 1637 3270; x_wconf 91' lang='lat'>—</span> <span class='ocrx_word' id='word_1_197' title='bbox 1662 3250 1723 3282; x_wconf 75' lang='lat' dir='ltr'>en</span> 
     </span>
     <span class='ocr_line' id='line_1_35' title="bbox 334 3321 550 3356; baseline 0.005 -1"><span class='ocrx_word' id='word_1_198' title='bbox 334 3323 483 3355; x_wconf 87' lang='lat' dir='ltr'>nume</span> <span class='ocrx_word' id='word_1_199' title='bbox 512 3321 550 3356; x_wconf 90' lang='lat'>›.</span> 
     </span>
    </p>

    <p class='ocr_par' dir='ltr' id='par_1_13' title="bbox 334 3378 1723 3649">
     <span class='ocr_line' id='line_1_36' title="bbox 442 3378 1704 3437; baseline -0.002 -12"><span class='ocrx_word' id='word_1_200' title='bbox 442 3384 509 3426; x_wconf 84' lang='lat'>42.</span> <span class='ocrx_word' id='word_1_201' title='bbox 537 3384 774 3437; x_wconf 74' lang='lat' dir='ltr'>stupet,</span> <span class='ocrx_word' id='word_1_202' title='bbox 801 3394 825 3425; x_wconf 89' lang='grc'><strong>&lt;</strong></span> <span class='ocrx_word' id='word_1_203' title='bbox 855 3381 881 3426; x_wconf 79' lang='grc' dir='ltr'>ὸ</span> <span class='ocrx_word' id='word_1_204' title='bbox 909 3382 1022 3426; x_wconf 87' lang='lat' dir='ltr'>fuor</span> <span class='ocrx_word' id='word_1_205' title='bbox 1050 3380 1100 3425; x_wconf 85' lang='lat' dir='ltr'>di</span> <span class='ocrx_word' id='word_1_206' title='bbox 1129 3379 1182 3426; x_wconf 77' lang='lat' dir='ltr'>se</span> <span class='ocrx_word' id='word_1_207' title='bbox 1211 3390 1249 3425; x_wconf 85' lang='lat'>›.</span> <span class='ocrx_word' id='word_1_208' title='bbox 1276 3404 1330 3411; x_wconf 94' lang='lat'><strong>—</strong></span> <span class='ocrx_word' id='word_1_209' title='bbox 1357 3378 1594 3435; x_wconf 74' lang='lat' dir='ltr'>Idaeis,</span> <span class='ocrx_word' id='word_1_210' title='bbox 1627 3379 1704 3424; x_wconf 92' lang='lat' dir='ltr'>col</span> 
     </span>
     <span class='ocr_line' id='line_1_37' title="bbox 336 3450 1699 3506; baseline -0.002 -9"><span class='ocrx_word' id='word_1_211' title='bbox 336 3452 474 3499; x_wconf 82' lang='lat' dir='ltr'>tuiva</span> <span class='ocrx_word' id='word_1_212' title='bbox 501 3452 536 3497; x_wconf 88' lang='lat' dir='ltr'>il</span> <span class='ocrx_word' id='word_1_213' title='bbox 564 3452 845 3498; x_wconf 84' lang='lat' dir='ltr'>Poliziano:</span> <span class='ocrx_word' id='word_1_214' title='bbox 872 3452 979 3506; x_wconf 84' lang='lat' dir='ltr'>Ida,</span> <span class='ocrx_word' id='word_1_215' title='bbox 1009 3455 1173 3497; x_wconf 87' lang='lat' dir='ltr'>monte</span> <span class='ocrx_word' id='word_1_216' title='bbox 1203 3451 1253 3495; x_wconf 89' lang='lat' dir='ltr'>di</span> <span class='ocrx_word' id='word_1_217' title='bbox 1291 3451 1454 3505; x_wconf 83' lang='lat' dir='ltr'>Creta,</span> <span class='ocrx_word' id='word_1_218' title='bbox 1492 3450 1699 3496; x_wconf 80' lang='lat' dir='ltr'>dov’era</span> 
     </span>
     <span class='ocr_line' id='line_1_38' title="bbox 334 3520 1699 3577; baseline -0.003 -9"><span class='ocrx_word' id='word_1_219' title='bbox 334 3522 470 3577; x_wconf 78' lang='lat' dir='ltr'>degli</span> <span class='ocrx_word' id='word_1_220' title='bbox 499 3523 594 3577; x_wconf 88' lang='lat' dir='ltr'>dei,</span> <span class='ocrx_word' id='word_1_221' title='bbox 623 3522 806 3569; x_wconf 75' lang='lat' dir='ltr'>Cibeie.</span> <span class='ocrx_word' id='word_1_222' title='bbox 833 3523 877 3567; x_wconf 94' lang='lat' dir='ltr'>Il</span> <span class='ocrx_word' id='word_1_223' title='bbox 906 3535 993 3567; x_wconf 86' lang='lat' dir='ltr'>suo</span> <span class='ocrx_word' id='word_1_224' title='bbox 1023 3522 1156 3567; x_wconf 91' lang='lat' dir='ltr'>culto</span> <span class='ocrx_word' id='word_1_225' title='bbox 1186 3535 1272 3566; x_wconf 80' lang='lat' dir='ltr'>era</span> <span class='ocrx_word' id='word_1_226' title='bbox 1299 3520 1445 3566; x_wconf 80' lang='lat' dir='ltr'>affine</span> <span class='ocrx_word' id='word_1_227' title='bbox 1474 3534 1505 3565; x_wconf 80' lang='lat' dir='ltr'>a</span> <span class='ocrx_word' id='word_1_228' title='bbox 1533 3520 1699 3574; x_wconf 89' lang='lat' dir='ltr'>quello</span> 
     </span>
     <span class='ocr_line' id='line_1_39' title="bbox 335 3590 1723 3649; baseline -0.004 -10"><span class='ocrx_word' id='word_1_229' title='bbox 335 3594 417 3639; x_wconf 88' lang='lat' dir='ltr'>col</span> <span class='ocrx_word' id='word_1_230' title='bbox 444 3594 511 3648; x_wconf 66' lang='lat' dir='ltr'>L„</span> <span class='ocrx_word' id='word_1_231' title='bbox 537 3594 590 3639; x_wconf 91' lang='lat' dir='ltr'>P.</span> <span class='ocrx_word' id='word_1_232' title='bbox 621 3607 648 3639; x_wconf 87' lang='lat' dir='ltr'>e</span> <span class='ocrx_word' id='word_1_233' title='bbox 675 3592 750 3648; x_wconf 65' lang='lat' dir='ltr'>V„</span> <span class='ocrx_word' id='word_1_234' title='bbox 776 3606 867 3648; x_wconf 85' lang='lat' dir='ltr'>per</span> <span class='ocrx_word' id='word_1_235' title='bbox 893 3594 1032 3649; x_wconf 64' lang='lat' dir='ltr'>iugis</span> <span class='ocrx_word' id='word_1_236' title='bbox 1060 3592 1141 3637; x_wconf 89' lang='lat' dir='ltr'>del</span> <span class='ocrx_word' id='word_1_237' title='bbox 1170 3591 1348 3646; x_wconf 65' lang='lat' dir='ltr'>Guelf„</span> <span class='ocrx_word' id='word_1_238' title='bbox 1373 3590 1486 3636; x_wconf 79' lang='lat' dir='ltr'>vale</span> <span class='ocrx_word' id='word_1_239' title='bbox 1524 3591 1723 3635; x_wconf 77' lang='lat' dir='ltr'>vocibus</span> 
     </span>
    </p>

    <p class='ocr_par' dir='ltr' id='par_1_14' title="bbox 336 3661 1719 3860">
     <span class='ocr_line' id='line_1_40' title="bbox 441 3661 1718 3720; baseline -0.003 -11"><span class='ocrx_word' id='word_1_240' title='bbox 441 3666 508 3709; x_wconf 87' lang='lat'>43.</span> <span class='ocrx_word' id='word_1_241' title='bbox 535 3664 750 3720; x_wconf 82' lang='lat' dir='ltr'>viridi,</span> <span class='ocrx_word' id='word_1_242' title='bbox 778 3664 857 3710; x_wconf 87' lang='lat' dir='ltr'>coi</span> <span class='ocrx_word' id='word_1_243' title='bbox 888 3663 1030 3709; x_wconf 85' lang='lat' dir='ltr'>codd.</span> <span class='ocrx_word' id='word_1_244' title='bbox 1051 3662 1280 3716; x_wconf 83' lang='lat' dir='ltr'>migliori,</span> <span class='ocrx_word' id='word_1_245' title='bbox 1301 3676 1392 3716; x_wconf 85' lang='lat' dir='ltr'>per</span> <span class='ocrx_word' id='word_1_246' title='bbox 1411 3674 1565 3706; x_wconf 76' lang='lat' dir='ltr'>sacro</span> <span class='ocrx_word' id='word_1_247' title='bbox 1584 3661 1674 3706; x_wconf 87' lang='lat' dir='ltr'>che</span> <span class='ocrx_word' id='word_1_248' title='bbox 1696 3675 1718 3705; x_wconf 83' lang='lat' dir='ltr'>s</span> 
     </span>
     <span class='ocr_line' id='line_1_41' title="bbox 336 3731 1719 3788; baseline -0.003 -8"><span class='ocrx_word' id='word_1_249' title='bbox 336 3748 364 3780; x_wconf 87' lang='lat'>‹</span> <span class='ocrx_word' id='word_1_250' title='bbox 393 3740 502 3780; x_wconf 83' lang='lat' dir='ltr'>asta</span> <span class='ocrx_word' id='word_1_251' title='bbox 529 3733 899 3788; x_wconf 78' lang='lat' dir='ltr'>inghirlandata</span> <span class='ocrx_word' id='word_1_252' title='bbox 941 3734 984 3779; x_wconf 89' lang='lat' dir='ltr'>d’</span> <span class='ocrx_word' id='word_1_253' title='bbox 997 3734 1165 3788; x_wconf 76' lang='lat' dir='ltr'>encra,</span> <span class='ocrx_word' id='word_1_254' title='bbox 1191 3744 1216 3776; x_wconf 89' lang='lat'><strong>›</strong></span> <span class='ocrx_word' id='word_1_255' title='bbox 1244 3732 1451 3787; x_wconf 79' lang='lat' dir='ltr'>propria</span> <span class='ocrx_word' id='word_1_256' title='bbox 1481 3731 1529 3776; x_wconf 86' lang='lat' dir='ltr'>di</span> <span class='ocrx_word' id='word_1_257' title='bbox 1558 3732 1719 3776; x_wconf 81' lang='lat' dir='ltr'>Bacco</span> 
     </span>
     <span class='ocr_line' id='line_1_42' title="bbox 338 3804 1144 3860; baseline -0.004 -9"><span class='ocrx_word' id='word_1_258' title='bbox 338 3818 431 3860; x_wconf 85' lang='lat' dir='ltr'>per</span> <span class='ocrx_word' id='word_1_259' title='bbox 459 3818 483 3849; x_wconf 89' lang='lat'><strong>&lt;</strong></span> <span class='ocrx_word' id='word_1_260' title='bbox 512 3805 674 3851; x_wconf 84' lang='lat' dir='ltr'>furore</span> <span class='ocrx_word' id='word_1_261' title='bbox 701 3804 918 3859; x_wconf 79' lang='lat' dir='ltr'>poetico,</span> <span class='ocrx_word' id='word_1_262' title='bbox 944 3808 1076 3849; x_wconf 82' lang='lat' dir='ltr'>estro</span> <span class='ocrx_word' id='word_1_263' title='bbox 1104 3815 1144 3848; x_wconf 84' lang='lat'>›.</span> 
     </span>
    </p>

    <p class='ocr_par' dir='ltr' id='par_1_15' title="bbox 443 3873 1717 3932">
     <span class='ocr_line' id='line_1_43' title="bbox 443 3873 1717 3932; baseline -0.004 -11"><span class='ocrx_word' id='word_1_264' title='bbox 443 3878 511 3921; x_wconf 79' lang='lat'>44.</span> <span class='ocrx_word' id='word_1_265' title='bbox 539 3877 824 3932; x_wconf 74' lang='lat' dir='ltr'>spiritus</span> <span class='ocrx_word' id='word_1_266' title='bbox 869 3876 1002 3929; x_wconf 80' lang='lat' dir='ltr'>illc,</span> <span class='ocrx_word' id='word_1_267' title='bbox 1025 3888 1051 3920; x_wconf 88' lang='lat'>‹</span> <span class='ocrx_word' id='word_1_268' title='bbox 1079 3874 1195 3929; x_wconf 83' lang='lat' dir='ltr'>quel</span> <span class='ocrx_word' id='word_1_269' title='bbox 1225 3874 1406 3929; x_wconf 81' lang='lat' dir='ltr'>calore,</span> <span class='ocrx_word' id='word_1_270' title='bbox 1435 3873 1717 3928; x_wconf 83' lang='lat' dir='ltr'>quell’estro</span> 
     </span>
    </p>

    <p class='ocr_par' dir='ltr' id='par_1_16' title="bbox 445 3944 1561 3997">
     <span class='ocr_line' id='line_1_44' title="bbox 445 3944 1561 3997; baseline -0.003 -6"><span class='ocrx_word' id='word_1_271' title='bbox 445 3948 512 3991; x_wconf 82' lang='lat'>46.</span> <span class='ocrx_word' id='word_1_272' title='bbox 539 3948 752 3993; x_wconf 74' lang='lat' dir='ltr'>iratos</span> <span class='ocrx_word' id='word_1_273' title='bbox 799 3948 944 3992; x_wconf 74' lang='lat' dir='ltr'>deos</span> <span class='ocrx_word' id='word_1_274' title='bbox 983 3958 1201 3991; x_wconf 80' lang='lat' dir='ltr'>accenna</span> <span class='ocrx_word' id='word_1_275' title='bbox 1229 3944 1293 3989; x_wconf 79' lang='lat' dir='ltr'>ad</span> <span class='ocrx_word' id='word_1_276' title='bbox 1320 3944 1561 3997; x_wconf 78' lang='lat' dir='ltr'>Augusto.</span> 
     </span>
    </p>
   </div>
   <div class='ocr_carea' id='block_1_5' title="bbox 2829 0 2830 540">
    <p class='ocr_par' dir='ltr' id='par_1_17' title="bbox 2829 0 2830 540">
     <span class='ocr_line' id='line_1_45' title="bbox 2829 0 2830 540; baseline 0 0"><span class='ocrx_word' id='word_1_277' title='bbox 2829 0 2830 540; x_wconf 95' lang='lat' dir='ltr'> </span> 
     </span>
    </p>
   </div>
   <div class='ocr_carea' id='block_1_6' title="bbox 2828 1778 2831 2323">
    <p class='ocr_par' dir='ltr' id='par_1_18' title="bbox 2828 1778 2831 2323">
     <span class='ocr_line' id='line_1_46' title="bbox 2828 1778 2831 2323; baseline 0 0"><span class='ocrx_word' id='word_1_278' title='bbox 2828 1778 2831 2323; x_wconf 95' lang='lat' dir='ltr'> </span> 
     </span>
    </p>
   </div>
   <div class='ocr_carea' id='block_1_7' title="bbox 2828 2897 2832 4253">
    <p class='ocr_par' dir='ltr' id='par_1_19' title="bbox 2828 2897 2832 4253">
     <span class='ocr_line' id='line_1_47' title="bbox 2828 2897 2832 4253; baseline 0 0"><span class='ocrx_word' id='word_1_279' title='bbox 2828 2897 2832 4253; x_wconf 95' lang='lat' dir='ltr'> </span> 
     </span>
    </p>
   </div>
  </div>
 </body>
</html>
