2840 4464
1213 54 1219 61 .
1311 49 1319 56 -
1415 61 1424 76 ι

1186 269 1375 312 LIBER
1412 269 1469 318 v,
1504 255 1554 312 9.

472 394 661 461 posse·
691 384 839 460 puta
884 373 1040 452 fieri,
1085 374 1274 439 lenito
1319 374 1617 460 principe,
1661 374 1867 439 vultus

555 487 624 542 ut
666 475 874 541 videas
917 475 1119 542 media
1163 474 1357 543 tristi's
1401 474 1467 540 in
1505 475 1658 541 urbe
1700 494 1888 552 meos,

470 589 658 666 utque
701 598 810 664 ego
853 590 913 643 te
956 577 1199 644 videam
1245 591 1424 643 causa
1468 577 1747 664 graviore
1791 576 2083 664 fugatum,

556 680 704 746 haec
747 690 891 746 sunt
934 701 968 745 a
1012 680 1230 765 primis
1273 680 1556 766 proxima
1600 689 1740 744 vota
1783 679 1955 748 meis,

1325 1067 1419 1132 IX.

473 1288 525 1353 O
574 1299 673 1354 tua
717 1288 763 1353 si
813 1289 1045 1356 sineres
1089 1289 1156 1354 in
1202 1289 1425 1355 nostris
1470 1288 1718 1354 nomina
1762 1289 1907 1375 poni

561 1392 952 1470 carminibuS,
998 1392 1229 1478 positus
1273 1412 1458 1477 quam
1504 1391 1657 1456 mihi
1704 1412 1884 1477 saepe
1926 1391 2113 1457 fores!

473 1503 534 1561 te
577 1514 860 1560 canerem
902 1495 1120 1572 solum,
1167 1494 1370 1559 meriti
1422 1513 1679 1571 memor,
1727 1493 1913 1578 inque
1956 1493 2181 1559 libellis

556 1597 843 1662 crevisset
886 1597 1019 1662 sine
1065 1606 1124 1663 te
1166 1597 1394 1683 pagina
1440 1597 1611 1662 nulla
1655 1596 1826 1661 meis,

473 1699 632 1784 Quid
675 1699 787 1765 tibi
832 1699 1143 1776 deberem,
1190 1709 1311 1764 tota
1357 1699 1614 1764 sciretur
1657 1699 1721 1763 in
1767 1698 1940 1776 urbe,

559 1804 729 1868 exsul
774 1801 839 1866 in
885 1803 1105 1867 amissa
1148 1802 1198 1866 si
1241 1811 1450 1868 tamen
1496 1801 1650 1867 urbe
1694 1803 1879 1888 legor.

474 1905 558 1971 Te
600 1924 888 1991 praesens
931 1905 1146 1971 mitem
1191 1914 1411 1981 nosset,
1461 1913 1520 1969 te
1564 1903 1758 1969 serior
1801 1913 1982 1981 aetaS‚

556 2007 784 2092 scripta
825 2016 1189 2072 vetustatem
1234 2007 1282 2073 si
1328 2005 1512 2071 modo
1558 2016 1764 2071 nostra
1809 2006 2031 2073 ferunt.

470 2109 590 2175 Nec
631 2109 743 2175 tibi
788 2119 1046 2176 cessaret
1091 2109 1297 2176 doctus
1342 2109 1501 2174 bene
1545 2108 1746 2174 dicere
1789 2111 2007 2174 lector:

559 2213 658 2278 hic
701 2222 778 2291 te,
826 2222 1065 2278 servato
1109 2222 1266 2290 vate,
1315 2222 1594 2279 maneret
1632 2212 1845 2278 honor.

473 2315 744 2382 Caesaris
788 2325 878 2382 est
921 2316 1194 2401 primum
1239 2335 1486 2393 munuS,
1524 2315 1684 2401 quod
1730 2315 2006 2381 ducimus
2050 2337 2203 2382 aura:

554 2418 752 2504 gratia
793 2426 931 2504 post
964 2437 1218 2504 magnos
1261 2427 1352 2483 est
1396 2417 1502 2483 tibi
1557 2418 1839 2484 habenda
1882 2417 2043 2483 deos,

473 2519 579 2585 Ille
622 2519 791 2585 dedit
834 2520 1060 2599 vitam3
1105 2531 1191 2597 tn,
1239 2540 1425 2605 quam
1471 2519 1640 2585 dedit
1686 2520 1809 2597 ille,
1856 2521 2064 2600 tueriS‚

555 2632 615 2688 et
659 2621 800 2686 facis
845 2631 1083 2708 accepto
1126 2641 1388 2688 munere
1433 2642 1610 2707 posse
1655 2621 1794 2688 frui.

405 2916 474 2959 36.
503 2913 753 2966 tristis,
781 2912 915 2958 ossia
941 2926 1047 2958 non
1074 2914 1187 2958 sine
1215 2913 1405 2958 dolore.

405 2986 474 3028 37.
497 2984 814 3038 fugatum,
839 2995 864 3026 ‹
894 2982 1086 3027 esiliato
1115 2992 1155 3027 ›-

404 3056 472 3099 38.
498 3054 810 3110 proxima,
847 3066 872 3097 ‹
899 3052 988 3108 piu
1015 3053 1164 3098 vicini
1193 3063 1217 3095 >
1247 3067 1278 3097 a.
1306 3053 1462 3107 quelli
1491 3052 1581 3098 che
1609 3052 1672 3098 ho
1703 3054 1828 3098 teste
1857 3052 1983 3097 fatti.

380 3195 609 3247 Elegia
635 3194 759 3249 lx,
786 3193 920 3238 nella
947 3194 1096 3247 quale
1124 3192 1160 3237 il
1186 3197 1338 3248 poeta
1359 3193 1573 3247 esprime
1593 3194 1644 3238 la,
1663 3206 1753 3238 sua
1771 3191 2071 3246 gratitudine
2090 3205 2203 3248 per·

299 3265 476 3309 fedele.

431 3338 472 3379 3.
498 3335 741 3389 meriti,
769 3334 875 3379 scil.
903 3335 984 3380 tui
1010 3336 1068 3379 in
1093 3348 1190 3379 me.

431 3408 473 3449 4.
500 3406 832 3459 crevisset,
864 3418 889 3449 ‹
918 3405 961 3449 si
989 3404 1198 3449 sarebbe
1226 3404 1459 3459 riempita.
1487 3414 1526 3459 >‚
1554 3416 1703 3449 senza
1729 3403 1764 3449 il
1785 3408 1867 3449 tuo
1896 3418 2053 3450 nome.

432 3477 472 3519 6.
499 3476 558 3519 si
597 3478 809 3520 tamen
850 3476 1049 3529 exsul,
1087 3488 1112 3520 ‹
1141 3488 1194 3520 se
1223 3488 1319 3529 pur
1349 3474 1557 3521 essendo
1588 3474 1739 3530 esule,
1766 3474 2058 3520 tuttavia...
2084 3484 2123 3519 >.

432 3547 471 3589 7.
491 3557 809 3600 praesens
838 3544 1084 3590 concorda
1112 3558 1203 3590 con
1233 3549 1396 3590 aetas.

432 3618 474 3660 8.
499 3616 558 3660 si
596 3616 796 3670 modo,
833 3628 858 3659 ‹
886 3628 938 3660 se
966 3629 1062 3671 pur
1091 3614 1118 3660 ὸ
1145 3628 1264 3661 vero
1293 3615 1455 3660 che...
1482 3626 1522 3659 ›.

406 3688 472 3731 10.
498 3688 780 3738 servato,
821 3685 929 3731 cioe
973 3687 1133 3740 salvo,
1168 3686 1439 3731 incolumi.
1475 3709 1528 3717 —
1562 3689 1618 3730 te
1654 3688 1969 3740 maneret,
1997 3698 2022 3730 ‹
2060 3685 2097 3730 ti
2135 3699 2203 3730 sai

208 3798 213 3803 .
298 3759 497 3803 servato
526 3766 566 3800 ›.

406 3829 472 3871 11.
502 3825 834 3872 Caesaris:
876 3826 940 3871 ad
980 3827 1206 3879 Augusto
1244 3826 1406 3873 debbo
1438 3827 1677 3873 anzitutto
1712 3826 1762 3871 la
1793 3826 1914 3881 vita,
1939 3839 2029 3880 per
2062 3839 2203 3871 avern

296 3896 523 3950 lasciata‚
550 3898 738 3941 mentre
768 3909 845 3941 me
875 3896 925 3940 la
951 3900 1135 3950 poteva
1163 3896 1320 3950 t6rre3
1358 3897 1489 3951 dopo
1519 3896 1589 3950 gli
1616 3895 1724 3949 Dei,
1752 3896 1859 3940 cioe
1890 3895 2018 3949 dopo
2047 3897 2203 3949 Augm

292 3968 385 4013 che
417 3966 548 4012 colla
574 3971 662 4012 tua.
688 3966 914 4011 amicizia
942 3980 1019 4011 me
1048 3967 1098 4011 la
1126 3966 1365 4021 conservi,
1392 3966 1718 4023 m’impedisci
1747 3965 1796 4009 di
1826 3966 2137 4012 soccombere
2168 3967 2203 4012 al

407 4141 486 4187 13*
596 4140 744 4186 OVIDI
773 4139 1014 4195 NASONIS,
1048 4138 1307 4187 Tri-stium
1338 4139 1601 4192 (Cocchia).
