2840 4464
372 164 475 217 120
1304 187 1596 230 ‘rffls'mmu

548 285 744 374 thue
785 290 864 356 sit
905 291 1193 379 exiguum
1237 298 1491 380 poenae,
1537 295 1700 381 quod
1742 296 1995 383 coniuge
2038 317 2194 374 cara,
2451 302 2540 365 15

632 392 795 476 quod
838 395 1036 480 patria
1078 416 1254 462 careo
1296 396 1777 483 pigneribusque
1819 399 2000 464 meis:

548 501 616 558 ut
660 496 821 561 mala
865 499 1035 564 nulla
1082 499 1295 575 feram,
1340 500 1458 564 nisi
1505 500 1736 565 nudam
1779 499 2051 566 Caesaris
2094 502 2271 580 iram,

635 596 800 663 nuda
843 620 1064 685 parum
1109 613 1200 667 est
1244 602 1420 667 nohis
1466 602 1736 668 Caesaris
1780 603 1871 669 ira
1915 604 2098 669 mali?

551 697 621 763 Et
667 709 871 766 tamen
917 714 1007 767 est
1052 704 1293 789 aliquiS‚
1337 705 1444 790 qui
1490 706 1749 771 vulnera
1793 704 1977 770 cruda
2023 715 2327 782 retractet,

633 803 829 868 solvat
872 815 932 869 et
976 805 1042 869 in
1085 825 1289 871 mores
1332 827 1439 872 ora
1483 806 1710 872 diserta
1751 826 1938 873 meos.
2440 811 2542 874 20

549 901 616 967 In
646 924 821 970 causa
857 906 1013 972 facili
1060 890 1251 974 cffivis
1295 909 1436 974 licet
1477 929 1608 975 esse
1649 909 1896 987 disertO,

630 1017 692 1071 et
733 1008 1027 1075 minimae
1071 1010 1235 1076 vires
1280 1010 1561 1098 frangere
1604 1031 1820 1097 quassa
1865 1012 2098 1090 valent;

546 1107 845 1176 subruere
887 1122 978 1177 est
1021 1132 1187 1178 arces
1230 1123 1292 1178 et
1334 1114 1559 1178 stantia
1602 1113 1843 1179 moenia
1889 1114 2110 1179 virtus:

634 1211 946 1295 quaelibet
991 1213 1191 1300 ignavi
1239 1215 1633 1300 praecipitata
1678 1225 1987 1300 premunt.

547 1310 678 1377 Non
701 1334 838 1380 sum
860 1336 970 1400 ego
993 1317 1155 1401 q'uod
1178 1317 1442 1395 sueram;
1468 1316 1617 1403 quid
1639 1318 1889 1384 inanem
1912 1317 2175 1405 proteris
2189 1319 2478 1383 umbram
2496 1320 2536 1382 :⁹

634 1415 781 1501 quid
827 1418 1095 1485 cinerem
1140 1420 1300 1485 saxis
1344 1420 1644 1505 bustaque
1687 1430 1893 1485 nostra
1936 1421 2130 1506 petis?
2440 1423 2531 1486 26

550 1515 765 1584 Hector
806 1523 1144 1600 erat‘tunc‚
1189 1544 1329 1589 cum
1373 1523 1536 1589 bello
1579 1533 1865 1603 certaret3
1911 1534 1974 1589 at
2019 1523 2182 1588 idem

633 1620 871 1688 vinctus
915 1623 991 1689 ad
1036 1624 1400 1691 Haemonios
1446 1645 1569 1691 non
1615 1635 1746 1691 erat
1789 1624 2006 1691 Hector
2048 1646 2253 1710 equos,

548 1721 642 1788 Me
686 1744 946 1810 quoque,
992 1747 1176 1812 quem
1220 1748 1402 1793 noras
1448 1728 1616 1807 olim,
1664 1748 1788 1793 non
1836 1748 1966 1793 esse
2009 1736 2348 1793 memento:

631 1845 706 1891 ex
756 1827 861 1893 illo
904 1840 1194 1914 superant
1239 1829 1388 1895 haec
1433 1830 1756 1896 simulacra
1800 1830 1952 1895 viro.
2441 1830 2534 1896 30

488 2144 555 2186 15.
578 2146 799 2197 utque,
827 2156 851 2187 ‹
880 2138 1217 2199 quand'anche
1250 2156 1287 2189 ›.

487 2223 553 2266 17.
578 2223 839 2278 nudam,
869 2237 892 2268 ‹
922 2224 1043 2277 sola,
1069 2224 1305 2280 semplice
1333 2240 1373 2271 ν.

485 2303 548 2345 18.
568 2314 807 2356 parum
845 2308 951 2358 est,
979 2304 1054 2350 col
1084 2305 1211 2350 Vah:
1237 2304 1307 2358 gli
1336 2304 1450 2349 altri
1480 2304 1621 2350 codd.
1640 2308 1876 2359 apostano
1906 2308 1983 2350 est
2010 2304 2111 2349 alla
2136 2304 2230 2349 fine
2253 2303 2330 2349 del
2361 2318 2526 2350 verso.

488 2382 551 2425 19.
579 2394 604 2424 c
614 2394 644 2426 r
653 2394 690 2425 a
701 2383 735 2426 d
747 2396 780 2427 a
816 2396 847 2428 r
858 2396 883 2427 e
894 2387 914 2427 t
923 2397 955 2429 r
965 2397 999 2429 a
1009 2397 1035 2429 c
1047 2388 1068 2428 t
1078 2398 1103 2429 e
1113 2388 1148 2439 t,
1176 2397 1200 2428 ‹
1231 2383 1441 2438 stimola‚
1460 2383 1748 2438 inasprisce‚
1767 2383 1933 2438 riapre
1951 2383 1998 2428 le
2018 2382 2178 2438 ferite,
2199 2387 2525 2438 quantunque

377 2463 474 2495 non
503 2464 686 2497 ancora
714 2452 1032 2507 rimarginate
1061 2465 1100 2499 ›.

485 2532 552 2575 20.
579 2531 793 2577 solvat
830 2546 943 2578 ora
981 2534 1249 2587 diserta,
1277 2546 1301 2576 ‹
1329 2533 1505 2586 spiega
1533 2533 1582 2577 la
1611 2546 1702 2578 ena
1731 2533 2001 2587 eloquenza
2029 2543 2069 2577 ›.

484 2612 552 2654 21.
571 2611 794 2666 facili,
821 2627 852 2656 a
878 2612 1091 2658 vincere.
1118 2636 1172 2644 —-
1200 2613 1476 2665 diserto,
1502 2613 1580 2658 col
1609 2612 1734 2666 Vat„
1760 2625 1852 2667 per
1884 2611 2171 2666 attrazione,
2206 2612 2257 2656 in
2294 2611 2441 2665 luogo
2473 2612 2525 2656 di

380 2680 637 2726 disertum
665 2681 797 2736 degli
827 2684 940 2728 altri
969 2683 1109 2729 codd.
1138 2697 1164 2728 6
1194 2683 1324 2728 delle
1354 2682 1566 2746 edizioni
1595 2683 1807 2728 antiche.

487 2762 554 2805 22.
582 2774 847 2816 quassa,
874 2775 898 2807 ‹
927 2762 1004 2808 cib
1031 2762 1123 2808 che
1151 2762 1179 2807 ὁ
1208 2763 1291 2816 gia
1318 2776 1503 2817 scosso,
1528 2761 1833 2815 pericolante
1862 2772 1901 2804 ›.

488 2841 555 2884 23.
582 2842 865 2894 stantia,
892 2855 915 2885 ‹
945 2842 1117 2897 solide,
1145 2841 1282 2887 ualde
1311 2853 1352 2885 ›.

486 2921 552 2965 24.
580 2922 930 2975 quaelibet,
971 2935 995 2965 ‹
1026 2921 1309 2975 qualunque
1337 2921 1555 2965 fortezza
1584 2931 1629 2964 ›:
1658 2920 1708 2964 in
1737 2919 1900 2964 alcuni
1929 2918 2068 2964 codd.
2097 2919 2139 2964 si
2167 2920 2313 2972 16336
2341 2933 2524 2975 quam-

379 2991 516 3035 libet.
543 3015 595 3022 —-
617 2997 947 3047 premunt,
972 3006 996 3036 ‹
1025 2992 1280 3047 prendono
1309 2991 1556 3045 d’assalto,
1586 2991 1841 3035 incalzano
1870 3000 1909 3034 ›.

484 3073 551 3114 25.
578 3073 766 3125 quod:
805 3072 883 3116 nel
916 3072 1018 3116 Pal.
1047 3071 1086 3116 si
1118 3072 1260 3124 16336
1291 3071 1394 3125 qui.
1420 3095 1475 3101 —
1513 3072 1797 3125 sueram:
1838 3069 1872 3113 il
1915 3067 2253 3123 piuccheperf.
2285 3068 2336 3113 fa
2365 3068 2451 3130 qui
2476 3069 2523 3114 le

376 3141 484 3185 veci
514 3140 828 3195 dell’imperf.
857 3156 884 3186 0
917 3141 996 3186 del
1025 3142 1162 3196 perf„
1186 3155 1276 3195 per
1303 3141 1524 3186 indicare
1568 3141 1656 3185 che
1701 3139 1741 3185 ai
1784 3143 1937 3185 tratta
1979 3139 2028 3183 di
2066 3153 2130 3184 un
2158 3143 2361 3194 passato
2390 3140 2522 3184 assai

376 3216 579 3256 remoto.
608 3236 659 3242 —-
683 3214 998 3267 proteris,
1023 3214 1133 3257 vale
1162 3212 1381 3268 pedibus
1415 3213 1543 3256 teria
1576 3224 1604 3256 0
1633 3211 1920 3256 conculcas.

483 3297 549 3340 26.
578 3296 767 3340 busta
796 3296 822 3340 6
850 3296 1219 3350 propriamente
1248 3297 1283 3340 il
1312 3295 1461 3348 luogo
1491 3294 1614 3340 dove
1646 3294 1687 3340 si
1716 3293 2082 3339 abbruciavano
2109 3293 2123 3337 i
2154 3293 2408 3347 cadaveri,
2436 3294 2525 3348 qui

378 3365 490 3410 vale
535 3378 558 3409 ‹
601 3366 827 3419 sepolcro
871 3378 907 3410 ›.
950 3390 1001 3397 —
1041 3367 1222 3411 saxia
1261 3367 1468 3421 petis,
1510 3379 1533 3409 ‹
1579 3364 1798 3419 datm-pi,
1837 3363 1980 3417 violi,
2025 3364 2219 3416 insulti,
2262 3363 2521 3409 lanciando

383 3449 510 3481 sassi
548 3448 587 3480 ›.

484 3519 550 3562 27.
579 3521 876 3572 certaret,
904 3517 980 3561 col
1012 3517 1068 3561 G.
1097 3529 1123 3561 e
1153 3516 1219 3571 P.,
1246 3530 1336 3570 per
1364 3517 1601 3561 certabat
1631 3515 1763 3568 degli
1793 3515 1907 3559 altri
1936 3513 2077 3559 codd.

483 3598 551 3640 28.
577 3597 847 3650 vinctus,
875 3598 951 3641 col
973 3596 1043 3651 G„
1062 3596 1244 3649 P.eV.,
1270 3609 1361 3650 per
1390 3599 1594 3640 tractus
1624 3595 1714 3639 che
1744 3593 1785 3639 si
1813 3593 1959 3646 16336
1989 3593 2201 3637 altrove:
2232 3591 2428 3646 quando
2444 3604 2525 3636 ve·

379 3669 495 3713 niva
524 3667 791 3712 trascinato
811 3666 1053 3711 cadavere
1074 3665 1450 3719 sanguinolento
1473 3665 1553 3714 dai
1575 3664 1754 3710 cavalli
1775 3663 1854 3709 del
1876 3663 2059 3708 tessalo
2080 3662 2288 3707 Achille.
2306 3661 2530 3715 Emonia,

383 3738 465 3781 dal
495 3741 656 3801 monte
685 3737 821 3791 Emo,
850 3736 1066 3782 dicevasi
1096 3738 1145 3780 la
1172 3735 1406 3780 Tessalia.

488 3818 553 3859 29.
583 3815 762 3860 Costr.:
802 3819 1059 3860 memento
1095 3828 1177 3859 me
1213 3828 1319 3859 non
1358 3828 1467 3858 esse
1505 3815 1662 3858 illum
1699 3827 1866 3868 quem,
1905 3817 1997 3857 etc.

481 3895 548 3936 30.
575 3894 961 3948 simulacra,
989 3906 1012 3936 ‹
1042 3893 1226 3959 ombra,
1256 3897 1465 3947 spem-o,
1493 3893 1683 3947 pallida
1712 3891 1975 3944 immagine
2008 3903 2045 3936 ›.
