2840 4464
1221 229 1413 272 1211313212
1448 229 1511 270 11.
2364 216 2430 268 55

544 357 658 425 per
698 344 760 405 te
801 344 1188 424 praesentem
1231 335 1747 423 conspicuumque
1788 333 1992 413 deum,

461 441 626 509 huno
667 440 945 507 animum
989 438 1209 507 favisse
1251 439 1382 519 tibi,
1429 438 1527 504 vir
1571 437 1855 517 maxime,
1900 457 2141 525 meque,
2342 437 2420 503 ὃὸ

547 565 665 630 qua
710 546 838 610 sola
880 541 1072 631 potui,
1118 552 1326 609 mente
1369 541 1555 609 fuisse
1597 551 1791 608 tuum.

462 647 706 735 Optavi,
749 657 990 734 peteres
1033 645 1311 713 caelestia
1354 644 1556 711 sidera
1602 644 1791 723 tarde,

543 771 807 838 parsque
851 750 937 817 fui
983 750 1198 817 turbae
1240 749 1434 837 parva
1476 748 1779 834 precantis
1822 746 2027 828 idem;

462 864 523 921 et
564 853 667 942 pia
709 863 848 920 tura
892 852 1029 919 dedi
1077 873 1190 938 pro
1233 861 1312 930 te,
1356 870 1617 937 cumque
1660 849 1945 918 omnibus
1988 871 2149 917 unus

548 957 680 1044 ipse
724 976 965 1042 quoque
1009 954 1216 1021 adiuvi
1260 954 1504 1042 publiea
1551 963 1688 1020 vota
1730 953 1903 1021 meis,
2346 956 2428 1020 60

466 1059 623 1144 Quid
671 1059 932 1125 referam
977 1058 1166 1124 libros
1211 1056 1350 1124 illos
1394 1077 1655 1143 quoque,
1702 1057 1959 1123 crimina
2004 1066 2227 1136 nostra,
2467 1045 2472 1051 ⁶

548 1162 720 1228 mille
764 1161 907 1227 loeis
948 1163 1166 1248 plenos
1211 1159 1480 1227 nominis
1524 1179 1655 1226 esse
1699 1159 1837 1226 tui?

463 1265 697 1352 Inspice
741 1264 937 1331 maius
980 1284 1151 1350 opuS,
1198 1262 1360 1350 quod
1404 1262 1605 1329 adhue
1646 1262 1780 1329 sine
1824 1263 1949 1330 fine
1991 1272 2253 1342 tenetur,

548 1371 613 1436 in
660 1391 784 1436 non
828 1369 1164 1437 credendos
1208 1389 1464 1456 corpora
1506 1390 1683 1437 versa
1726 1369 1978 1436 modos:

465 1473 742 1541 invenies
785 1472 971 1539 vestri
1017 1473 1339 1559 praeconia
1384 1473 1651 1539 nominis
1695 1473 1836 1552 illic,
2351 1474 2430 1538 65

549 1575 828 1669 invenies
872 1575 1062 1641 animi
1106 1576 1364 1663 pignora
1406 1578 1602 1642 multa
1645 1577 1787 1642 mei.

464 1678 594 1746 Non
639 1688 742 1746 tua
787 1678 1160 1745 carminibus
1203 1678 1401 1745 maior
1446 1679 1516 1743 fit
1550 1680 1763 1766 gloria,
1811 1699 1921 1745 nee
1964 1699 2105 1765 quo,

549 1793 617 1849 ut
659 1781 856 1848 maior
901 1781 1025 1860 fiat,
1072 1801 1338 1849 crescere
1380 1782 1590 1868 possit,
1638 1781 1840 1848 habet.

466 1884 647 1951 Fama
687 1885 830 1950 Iovi·
857 1895 1161 1972 superest3
1207 1895 1414 1951 tamen
1465 1885 1628 1952 hunc
1670 1905 1776 1952 sua
1822 1883 1974 1951 faeta
2020 1884 2234 1951 referri

550 1998 611 2053 et
653 2008 718 2053 se
762 1988 1082 2053 materiam
1125 1987 1413 2054 carminis
1457 2008 1586 2054 esse
1630 1987 1817 2066 iuvat,
2344 1989 2425 2053 70

468 2110 728 2177 cumque
772 2089 1048 2178 Gigantei
1095 2100 1517 2158 memorantur
1559 2091 1791 2177 proelia
1836 2090 2002 2169 belli,

551 2192 843 2260 credibile
886 2203 977 2260 est
1020 2194 1249 2261 laetum
1295 2193 1579 2261 laudibus
1622 2213 1752 2261 esse
1796 2193 1937 2261 suis,

468 2296 550 2362 Te
593 2295 903 2363 celebrant
946 2297 1072 2375 alii,
1119 2307 1347 2382 quanto
1391 2296 1563 2364 decet
1604 2318 1728 2378 ore,
1776 2308 2031 2384 tuasque

551 2399 797 2486 ingenio
841 2399 1051 2466 laudes
1095 2399 1381 2466 uberiore
1424 2410 1668 2467 canunt.

402 2716 471 2760 54.
489 2719 927 2771 praesentem,
955 2728 980 2761 ‹
1008 2718 1212 2771 potente
1240 2726 1288 2774 >3
1317 2716 1658 2771 conspicuum
1684 2729 1709 2762 ‹
1737 2716 1932 2763 visibile
1960 2728 2002 2761 ›.

403 2799 470 2842 55.
497 2798 684 2852 hune,
712 2796 820 2842 eioe
849 2810 1038 2842 meum.
1806 2785 1810 2789 ’

403 2878 472 2922 56.
499 2882 622 2931 qua
657 2877 800 2922 sola
829 2877 1042 2932 potui,
1070 2875 1246 2932 poiche
1266 2890 1362 2922 non
1382 2876 1449 2922 mi
1468 2876 1523 2922 fu
1542 2890 1776 2924 concesso
1797 2879 1875 2923 eol
1894 2878 2092 2926 braeeio
2113 2892 2139 2925 e
2160 2880 2285 2928 colle
2302 2881 2440 2929 armi.

406 2958 473 3001 59.
502 2970 637 3001 cum
674 2957 967 3001 omnibus
1001 2958 1185 3012 meis,
1211 2969 1236 3002 ‹
1265 2970 1356 3002 eon
1385 2956 1501 3002 tutti
1528 2957 1545 3001 i
1573 2957 1688 3003 miei
1716 2958 1867 3003 mezzi
1895 2970 1934 3004 ›.

406 3036 473 3080 60.
501 3036 748 3091 adiuvi,
775 3047 800 3080 ‹
827 3036 1118 3091 partecipai‚
1146 3036 1369 3082 eoncorsi
1397 3048 1423 3079 >

406 3116 472 3160 63.
498 3116 711 3160 maius
750 3127 929 3170 opus,
955 3116 1002 3160 le
1030 3115 1381 3161 Metamorfosi.
1409 3140 1462 3147 —
1490 3117 1629 3162 sine
1658 3117 1801 3172 sine
1838 3122 2109 3176 tenetur,
2136 3121 2207 3167 <e
2235 3123 2439 3172 rimasto

298 3185 572 3241 interr-otto,
600 3200 773 3231 manea
802 3185 935 3231 della
961 3186 1056 3231 fine
1086 3197 1125 3231 ›.

407 3267 472 3311 65.
499 3266 704 3311 vestri
737 3265 1045 3321 nominis,
1073 3264 1255 3320 perche
1284 3265 1333 3312 in
1362 3266 1458 3312 fine
1485 3267 1534 3312 vi
1565 3266 1591 3312 ὸ
1619 3267 1802 3324 ledam,
1842 3269 2045 3317 insieme
2084 3285 2175 3319 eon
2203 3275 2442 3333 Augusto,

301 3336 456 3382 auehe
487 3335 652 3381 Giulio
682 3335 876 3381 Cesare.

402 3422 469 3466 67.
495 3433 635 3535 ἔνο,
663 3432 688 3465 ‹
712 3433 859 3535 lverso
888 3420 1006 3474 qual
1033 3424 1176 3473 parte
1205 3432 1244 3476 ›,
1271 3422 1451 3477 poiche
1480 3422 1515 3467 il
1545 3436 1687 3469 nome
1716 3427 1801 3470 tuo
1831 3424 1858 3470 ὸ
1886 3431 2002 3472 noto
2023 3427 2362 3488 dappertutto,
2389 3432 2438 3477 in

302 3493 437 3537 terra
465 3504 491 3537 e
555 3490 605 3536 in
635 3490 708 3536 eie
732 3504 774 3536 0.

403 3572 471 3616 69.
497 3574 820 3625 superest,
846 3583 871 3616 ‹
900 3584 997 3617 non
1024 3570 1089 3616 ha
1118 3571 1208 3617 che
1237 3571 1448 3627 fai-sene,
1477 3586 1539 3619 ne
1568 3573 1633 3619 ha
1662 3574 1896 3623 d'avanzo
1926 3588 1965 3622 ›.

407 3652 474 3696 70.
499 3650 708 3702 iuvat,
734 3661 759 3694 ‹
787 3649 932 3706 piace
961 3661 1000 3695 ›.

408 3732 474 3775 71.
500 3730 814 3785 αἰραηιοί,
842 3741 867 3774 ‹
896 3733 1066 3776 contro
1095 3729 1112 3774 i
1141 3731 1331 3785 giganti
1361 3743 1400 3777 ›.

407 3810 474 3854 73.
502 3809 567 3854 al
577 3808 649 3854 ii:
687 3808 724 3854 il
752 3812 905 3864 poeta
931 3807 1062 3855 forse
1091 3809 1256 3855 allude
1287 3814 1587 3866 soprattutto
1617 3828 1648 3859 a
1674 3814 1900 3869 Virgilio.
1921 3837 1970 3849 -·-
2001 3809 2124 3872 ore,
2154 3831 2179 3862 ‹
2207 3819 2448 3873 magnsso‘

304 3891 495 3935 quenza
522 3890 562 3925 ›.

411 3960 476 4005 74.
504 3959 827 4014 uberiore,
854 3957 962 4004 eioe
991 3958 1072 4004 del
1099 3959 1211 4005 mio.
